% http://www.comlab.ox.ac.uk/files/1416/knezevic-thesis.pdf
@phdthesis{Knezevic_Dissertation,
  author = {David Knezevic},
  school = {University of Oxford, Balliol College},
  title  = {{Analysis and Implementation of Numerical Methods for Simulating Dilute Polymeric Fluids}},
  note   = {\url{http://tinyurl.com/jxnwdwo}},
  month  = dec,
  year   = 2008
}

% http://art.torvergata.it/bitstream/2108/1116/1/FINALE.pdf
@phdthesis{Petrolati_Dissertation,
  author = {Eleonora Petrolati},
  school = {Universit{\`{a}} Degli Studi Di Roma ``Tor Vergata''},
  title  = {{Study and Optimization of Polariton LASERs}},
  note   = {\url{http://tinyurl.com/zlpkvl7}},
  month  = dec,
  year   = 2008
}

% https://repositories.lib.utexas.edu/handle/2152/18091
@phdthesis{Peterson_Dissertation,
  author = {John William Peterson},
  school = {ASE-EM dept., The University of Texas at Austin},
  title  = {{Parallel Adaptive Finite Element Methods for Problems in Natural Convection}},
  note   = {\url{http://tinyurl.com/hc3upez}},
  month  = may,
  year   = 2008
}

% https://repositories.lib.utexas.edu/handle/2152/17797
@phdthesis{Stogner_Dissertation,
  author = {Roy Hulen Stogner},
  school = {Institute for Computational Engineering and Sciences (ICES), The University of Texas at Austin},
  title  = {{Parallel Adaptive $C^1$ Macro-Elements for Nonlinear Thin Film and Non-Newtonian Flow Problems}},
  note   = {\url{http://tinyurl.com/hlwhktf}},
  month  = aug,
  year   = 2008
}

% I saw a copy of this on google books:
% http://books.google.com/books?id=tCknA3k1S9sC
% Also, there is conflicting data about whether it is 2007 or 2008...
% Libmesh is mentioned on pages 20, 21, and 107.  We are also mentioned
% in the acknowledgments!
% https://www.ideals.illinois.edu/bitstream/handle/2142/11373/Krylov%20Subspace%20Methods%20for%20Topology%20Optimization%20on%20Adaptive%20Meshes.pdf?sequence=2
@phdthesis{Wang_Dissertation,
  author = {Shun Wang},
  school = {University of Illinois at Urbana-Champaign},
  title  = {{Krylov subspace methods for topology optimization on adaptive meshes}},
  note   = {\url{http://tinyurl.com/o5pmpu6}},
  month  = may,
  year   = 2008
}

% I could no longer find this one online.
@phdthesis{Rammerstorfer_2008,
  author = {F. Rammerstorfer},
  school = {Technische Universit{\"{a}}t Graz},
  title  = {{Simulation von Wellenausbreitung unter Verwendung von `Perfectly Matched Layers'}},
  month  = jun,
  year   = 2008
}

% https://smartech.gatech.edu/bitstream/handle/1853/24745/nam_kijin_200808_phd.pdf
@phdthesis{Nam_2008,
  author = {Kijin Nam},
  school = {Georgia Institute of Technology},
  title  = {{Optimization of paths and locations of water quality monitoring systems in surface water environments}},
  note   = {\url{http://tinyurl.com/pz5xlzz}},
  month  = aug,
  year   = 2008
}

% https://www.researchgate.net/profile/Carlos_Alvarez_Henao/publication/299388331_Reduced_integration_with_hourglass_stabilization_for_bi-linear_quadrilateral_elements/links/56f2e80508ae81582beba69b.pdf
@InProceedings{Camata_2008,
  author    = {Jos{\'{e}} J. Camata and Carlos A. Henao and Alvaro L. G. A. Coutinho},
  title     = {{Reduced integration with hourglass stabilization for bi-linear quadrilateral elements in libMesh}},
  booktitle = {{Proceedings of the Fifth National Congress of Mechanical Engineering}},
  address   = {Salvador, Bahia, Brazil},
  month     = aug # {~18--21,},
  year      = 2008,
  note      = {\url{http://tinyurl.com/hl5gvfe}}
}

@Misc{Brown_2008,
  author       = {Jed Brown},
  title        = {Scalable solvers for optimal control of a power-law fluid},
  year         = 2008,
  address      = {San Francisco, California},
  month        = dec # {~15--19,},
  howpublished = {Poster},
  note         = {American Geophysical Union (AGU) Fall Meeting, \url{https://59a2.org/files/AGU08-ScalableSolvers.pdf}}
}

% Translation by Dmitry Karpeev.
@Article{Kolodkin_2008,
  author  = {V. M. Kolodkin and V. S. Knyazhin and M. V. Kolodkin and V. M. Senopal'nikov},
  title   = {Design of the technology of the blacksmith mold},
  journal = {News of the Udmurtian State University, Physics and Chemistry Section},
  year    = 2008,
  volume  = 1,
  month   = feb,
  pages   = {120--128},
  note    = {In Russian}
}

% http://www.enea.it/it/Ricerca_sviluppo/documenti/ricerca-di-sistema-elettrico/nucleare-fissione/reattori-innovativi/rse85.pdf
@TechReport{Cervone_2008,
  author      = {Antonio Cervone and Massimo Manservisi},
  title       = {{A three-dimensional CFD program for the simulation of the thermo-hydraulic behaviour of an open core liquid metal reactor}},
  institution = {ENEA: Ente per le Nuove tecnologie, l'Energia e l'Ambiente},
  day         = 16,
  month       = dec,
  year        = 2008,
  number      = {RSE/2009/85},
  note        = {\url{http://tinyurl.com/p66arrs}}
}

% http://www.ices.utexas.edu/media/reports/2008/0829.pdf
@TechReport{Hawkins_2008,
  author      = {Andrea Hawkins and J. Tinsley Oden},
  title       = {Toward a predictive model of tumor growth},
  institution = {Institute for Computational Engineering and Sciences (ICES), The University of Texas at Austin},
  day         = 20,
  month       = nov,
  year        = 2008,
  note        = {\url{http://tinyurl.com/hhn2qfj}}
}

@Conference{Barone_2008,
  author    = {Matthew F. Barone and Daniel J. Segalman and Heidi Thornquist and Irina Kalashnikova},
  title     = {Galerkin reduced order models for compressible flow with structural interaction},
  booktitle = {46th AIAA Aerospace Sciences Meeting and Exhibit},
  address   = {Reno, Nevada},
  year      = 2008,
  note      = {\url{https://doi.org/10.2514/6.2008-612}}
}

@InCollection{VonEstorff_2008,
  author    = {Otto {von Estorff} and Steffen Petersen and Daniel Dreyer},
  title     = {{Efficient infinite elements based on Jacobi polynomials}},
  pages     = {231--250},
  year      = 2008,
  publisher = {Springer Berlin Heidelberg},
  editor    = {Steffen Marburg and Bodo Nolte},
  booktitle = {Computational Acoustics of Noise Propagation in Fluids--Finite and Boundary Element Methods},
  note      = {\url{https://doi.org/10.1007/978-3-540-77448-8_9}}
}

% Conference announcement: https://doi.org/10.1260/026635107782218831
@InProceedings{DeSturler_2008,
  author     = {E. {De Sturler} and G. H. Paulino and S. Wang},
  title      = {Topology optimization with adaptive mesh refinement},
  booktitle  = {{Proceedings of the 6th International Conference on Computation of Shell and Spatial Structures (IASS-IACM 2008)}},
  editor     = {J. F. Abel and J. R. Cooke},
  publisher  = {Cornell University},
  address    = {Ithaca, New York},
  month      = may # {~28--31,},
  year       = 2008
}

@Article{Stogner_2008,
  author  = {Roy H. Stogner and Graham F. Carey and Bruce T. Murray},
  title   = {{Approximation of Cahn--Hilliard diffuse interface models using parallel adaptive mesh refinement and coarsening with $C^1$ elements}},
  journal = {International Journal for Numerical Methods in Engineering},
  year    = 2008,
  volume  = 76,
  number  = 5,
  pages   = {636--661},
  note    = {\url{https://doi.org/10.1002/nme.2337}}
}

% "The code is based on the libMesh ... and PETSc libraries."
@Article{Berrone_2008,
  author  = {Stefano Berrone and Endre S{\"{u}}li},
  title   = {{Two-sided a posteriori error bounds for incompressible quasi-Newtonian flows}},
  journal = {IMA Journal of Numerical Analysis},
  month   = apr,
  year    = 2008,
  volume  = 28,
  number  = 2,
  pages   = {382--421},
  note    = {\url{https://doi.org/10.1093/imanum/drm017}}
}

@Article{Galbusera_2008,
  author  = {Fabio Galbusera and Margherita Cioffi and Manuela T. Raimondi},
  title   = {An in silico bioreactor for simulating laboratory experiments in tissue engineering},
  journal = {Biomedical Microdevices},
  month   = aug,
  year    = 2008,
  volume  = 10,
  number  = 4,
  pages   = {547--554},
  note    = {\url{https://doi.org/10.1007/s10544-008-9164-9}}
}

@Article{Piccinelli_2008,
  author  = {Marina Piccinelli and Lorenzo Alessio Botti and Bogdan Ene-Iordache and Andrea Remuzzi and Alessandro Veneziani and Luca Antiga},
  title   = {{Link between vortex structures and Voronoi diagram in cerebral aneurysms}},
  journal = {Journal of Biomechanics},
  month   = jul,
  year    = 2008,
  volume  = {41, Supplement 1},
  pages   = {S12},
  note    = {\url{http://hdl.handle.net/10446/22124}}
}

@Article{VanCanneyt_2008,
  author  = {Koen Van Canneyt and Radoslav Kaminsky and Lorenzo Botti and Luca Antiga and Jan Tordoir and Pascal Verdonck and Sunny Eloot},
  title   = {{Can a kinked arterio-venous graft cause instable flow? A patient-specific validated computational study}},
  journal = {Journal of Biomechanics},
  month   = jul,
  year    = 2008,
  volume  = 41,
  number  = {Supplement 1},
  pages   = {S210},
  note    = {\url{https://doi.org/10.1016/S0021-9290(08)70210-0}}
}

@Article{Kirk_2008a,
  author  = {Benjamin S. Kirk and Graham F. Carey},
  title   = {{Development and validation of a SUPG finite element scheme for the compressible Navier--Stokes equations using a modified inviscid flux discretization}},
  journal = {International Journal for Numerical Methods in Fluids},
  year    = 2008,
  volume  = 57,
  number  = 3,
  pages   = {265--293},
  note    = {\url{https://doi.org/10.1002/fld.1635}}
}

% https://www.osti.gov/biblio/944884
@TechReport{Mahadevan_2008,
  author      = {Vijay S. Mahadevan and Jean C. Ragusa},
  title       = {High-order spatio-temporal schemes for coupled, multi-physics reactor simulations},
  institution = {Idaho National Laboratory},
  month       = sep,
  year        = 2008,
  number      = {INL/EXT-08-14884},
  note        = {\url{https://doi.org/10.2172/944884}}
}

@Article{Botti_2008,
  author  = {Lorenzo Botti and Marina Piccinelli and Bogdan Ene-Iordache and Andrea Remuzzi and Luca Antiga},
  title   = {{An open source parallel AMR FE solver for biological flows based on the LibMesh C++ library}},
  journal = {Journal of Biomechanics},
  volume  = 41,
  number  = {Supplement 1},
  pages   = {S211},
  year    = 2008,
  month   = jul,
  note    = {\url{https://doi.org/10.1016/S0021-9290(08)70211-2}}
}

@Article{Powell_2008,
  author  = {Adam C. {Powell IV} and Raymundo Arroyave},
  title   = {Open source software for materials and process modeling},
  journal = {Journal of the Minerals, Metals, and Materials Society (JOM)},
  month   = may,
  year    = 2008,
  volume  = 60,
  number  = 5,
  pages   = {32--39},
  note    = {\url{https://doi.org/10.1007/s11837-008-0057-4}}
}

@Article{Ahn_2008,
  author  = {Hyung Taek {Ahn} and Mikhail Shashkov and Mark A. Christon},
  title   = {The moment-of-fluid method in action},
  journal = {Communications in Numerical Methods in Engineering},
  year    = 2008,
  month   = jul,
  volume  = 25,
  number  = 10,
  pages   = {1009--1018},
  note    = {\url{https://doi.org/10.1002/cnm.1135}}
}

@Article{Kroger_2008,
  author  = {Tim Kr{\"{o}}ger and Tobias Preusser},
  title   = {Stability of the 8-tetrahedra shortest-interior-edge partitioning method},
  journal = {Numerische Mathematik},
  month   = may,
  year    = 2008,
  volume  = 109,
  number  = 3,
  pages   = {435--457},
  note    = {\url{https://doi.org/10.1007/s00211-008-0148-8}}
}

@Article{Brinkmeier_2008,
  author  = {Maik Brinkmeier and Udo Nackenhorst and Steffen Petersen and Otto {von Estorff}},
  title   = {A numerical model for the simulation of tire rolling noise},
  journal = {Journal of Sound and Vibration},
  month   = jan,
  year    = 2008,
  volume  = 309,
  number  = {1--2},
  pages   = {20--39},
  note    = {\url{https://doi.org/10.1016/j.jsv.2006.11.040}}
}

@Article{Antiga_2008,
  author  = {Luca Antiga and Marina Piccinelli and Lorenzo Botti and Bogdan Ene-Iordache and Andrea Remuzzi and David A. Steinman},
  title   = {An image-based modeling framework for patient-specific computational hemodynamics},
  journal = {Medical and Biological Engineering and Computing},
  month   = nov,
  year    = 2008,
  volume  = 46,
  number  = 11,
  pages   = {1097--1112},
  note    = {\url{https://doi.org/10.1007/s11517-008-0420-1}}
}

@Article{Bhatia_2008,
  author  = {Manav Bhatia and Eli Livne},
  title   = {{Design-oriented thermostructural analysis with external and internal radiation, Part 1: Steady state}},
  journal = {AIAA Journal},
  month   = mar,
  year    = 2008,
  volume  = 46,
  number  = 3,
  pages   = {578--590},
  note    = {\url{https://doi.org/10.2514/1.26236}}
}

@InProceedings{Lu_2008,
  author    = {Yujie Lu and Arion F. Chatziioannou},
  title     = {Parallel adaptive finite element simulation for optical molecular imaging with simplified spherical harmonics approximation},
  booktitle = {{Nuclear Science Symposium Conference Record (NSS08)}},
  address   = {Dresden, Germany},
  editor    = {P. Sellin},
  pages     = {4039--4042},
  publisher = {IEEE},
  year      = 2008,
  note      = {\url{https://doi.org/10.1109/NSSMIC.2008.4774171}}
}

@Comment LocalWords:  TechReport Cervone Manservisi CFD thermo ENEA Ente le dec
@Comment LocalWords:  Nuove tecnologie l'Energia l'Ambiente Kolodkin
@Comment LocalWords:  RSE sistema elettrico nov Barone th von feb De
@Comment LocalWords:  Thornquist Kalashnikova Galerkin AIAA Udmurtian
@Comment LocalWords:  booktitle InCollection VonEstorff Bodo Springer
@Comment LocalWords:  Estorff Dreyer Marburg Nolte DeSturler Steffen
@Comment LocalWords:  InProceedings Sturler IASS IACM Stogner
@Comment LocalWords:  Cahn Xu chr dinger oct CSRCR Berrone li
@Comment LocalWords:  posteriori IMA Galbusera Cioffi silico Hilliard
@Comment LocalWords:  bioreactor Microdevices aug Piccinelli inviscid
@Comment LocalWords:  Botti Ene Iordache Remuzzi Veneziani behaviour
@Comment LocalWords:  Antiga voronoi Biomechanics jul Canneyt
@Comment LocalWords:  VanCanneyt Kaminsky Tordoir Verdonck Biomedical
@Comment LocalWords:  Eloot ARTERIO INSTABLE issn SUPG Navier
@Comment LocalWords:  discretization Mahadevan spatio multi
@Comment LocalWords:  sep AMR LibMesh Arroyave Ahn Shashkov
@Comment LocalWords:  ger Preusser tetrahedra Numerische jan
@Comment LocalWords:  Mathematik Brinkmeier Nackenhorst NSS
@Comment LocalWords:  hemodynamics Bhatia Livnet Sellin IEEE
@Comment LocalWords:  thermostructural vibrational incompressible
