% MOOSE
% "We use the MOOSE framework to solve the thermo-poro-elastic equations..."
@Misc{Saar_2018b,
  author       = {Martin O. Saar and Daniel Birdsell},
  title        = {{Thermo-Hydro-Mechanical (THM) processes in Aquifer Thermal Energy Storage (ATES)}},
  month        = nov,
  year         = 2018,
  howpublished = {Project},
  note         = {\url{https://geg.ethz.ch/project-thermo_hydro/}}
}

% MOOSE
% "The results of the geological modelling process, i.e. the geological structures,
% are transferred to a framework for simulating fluid mass and heat transfer (MOOSE) ..."
@Misc{Saar_2018a,
  author       = {Martin O. Saar and Jan Niederau and Anozie Ebigbo},
  title        = {In situ stress variations near faults considering fault zone rock rheology},
  month        = dec,
  year         = 2018,
  howpublished = {Project},
  note         = {\url{https://geg.ethz.ch/project-stress_variation}}
}

% GRINS
% https://search.proquest.com/openview/3f902d69ddce0e181209561855121a65/1
@mastersthesis{Haynes_thesis,
  author = {Christopher A. Haynes},
  school = {State University of New York at Buffalo},
  title  = {Modeling the structural dynamics of parachutes with support for multi-dimensional manifold mesh refinement},
  note   = {\url{https://tinyurl.com/yagpt29o}},
  month  = jun,
  year   = 2018
}

@phdthesis{Lin_thesis,
  author = {Jun-Li Lin},
  school = {University of Illinois at Urbana-Champaign},
  title  = {{Investigation [of] effect of external stress on hydrogen solvus in a Zircaloy-4 fuel cladding alloy: Application of in situ diffraction technique and mesoscale phase-field simulation}},
  note   = {\url{http://hdl.handle.net/2142/101497}},
  month  = sep,
  year   = 2018
}

% Used libmesh, but only to convert between UNV and Gmsh file formats.
% https://repository.lib.ncsu.edu/handle/1840.20/35587
@mastersthesis{Herring_thesis,
  author = {Nicholas Franklin Herring},
  school = {North Carolina State University},
  title  = {{Ray effects mitigation in $S_N$ problems through general collision Monte Carlo coupling and numerical validation of the THOR $S_N$ code for nuclear nonproliferation applications}},
  note   = {\url{https://tinyurl.com/yb4s57um}},
  month  = aug,
  year   = 2018
}

% BISON
% https://www.politesi.polimi.it/bitstream/10589/141250/3/2018_07_PhD_Pizzocri.pdf
@phdthesis{Pizzocri_thesis,
  author = {Davide Pizzocri},
  school = {Politecnico di Milano},
  title  = {{Modelling and assessment of inert gas behaviour in UO$_2$ nuclear fuel for transient analysis}},
  note   = {\url{https://tinyurl.com/y6v37q6s}},
  month  = jun,
  year   = 2018
}

% libMesh is mentioned in Ch. 4 and this work is related to Lahabi_2017.
% https://openaccess.leidenuniv.nl/handle/1887/68031
@phdthesis{Lahabi_thesis,
  author = {K. Lahabi},
  school = {Leiden University},
  title  = {Spin-triplet supercurrents of odd and even parity in nanostructured devices},
  note   = {\url{http://hdl.handle.net/1887/68031}},
  month  = dec,
  year   = 2018
}

% MOOSE/BISON
% https://trace.tennessee.edu/cgi/viewcontent.cgi?article=6579&context=utk_graddiss
@phdthesis{Sweet_thesis,
  author = {Ryan Terrence Sweet},
  school = {University of Tennessee, Knoxville},
  title  = {{Thermo-mechanical analysis of iron-chromium-aluminum (FeCrAl) alloy cladding for light water reactor fuel elements}},
  note   = {\url{https://trace.tennessee.edu/utk_graddiss/5038}},
  month  = aug,
  year   = 2018
}

% MOOSE/HOGNOSE
% https://dspace.mit.edu/bitstream/handle/1721.1/119029/1059464550-MIT.pdf
@phdthesis{Dykhuis_thesis,
  author = {Andrew Frederic Dykhuis},
  school = {Massachusetts Institute of Technology},
  title  = {{Capturing irradiation-enhanced corrosion of Zircaloy-4 with a charge-based diffusion/drift phase field model}},
  note   = {\url{https://dspace.mit.edu/handle/1721.1/119029}},
  month  = jun,
  year   = 2018
}

% MOOSE/BISON
% https://dspace.mit.edu/bitstream/handle/1721.1/119049/1059518711-MIT.pdf
% http://hdl.handle.net/1721.1/119049
@mastersthesis{Wagih_thesis,
  author = {Malik Mamoon AbdelHalim Wagih},
  school = {Massachusetts Institute of Technology},
  title  = {Fuel performance of multi-layered zirconium and silicon carbide based accident tolerant fuel claddings},
  note   = {\url{https://dspace.mit.edu/handle/1721.1/119049}},
  month  = feb,
  year   = 2018
}

% "This model has been implemented in the MOOSE framework which allows for massively
% parallel and fully coupled simulations"
% https://portal.research.lu.se/portal/files/55623549/kappa.pdf
@phdthesis{Hektor_thesis,
  author = {Johan Hektor},
  school = {Lund University},
  title  = {Tin whiskers: experiments and modelling},
  note   = {\url{https://tinyurl.com/y58dzajs}},
  month  = nov,
  year   = 2018
}

% MOOSE/Crane/Zapdos
% See also, Keniley_2019
@InProceedings{Keniley_2018,
  author    = {Shane Keniley and Davide Curreli and Corey Dechant and Steven Shannon},
  title     = {{CRANE: A novel MOOSE-based open-source tool for plasma chemistry applications and code coupling}},
  booktitle = {{Proceedings of the 71st APS Gaseous Electronics Conference}},
  address   = {Portland, Oregon},
  pages     = {GT1.00039},
  month     = nov # {~5--9,},
  year      = 2018,
  note      = {\url{http://www.apsgec.org/gec2018/all_GEC18.pdf}}
}

% "This report describes work in transitioning the CPFEM model framework to MOOSE."
@TechReport{Rovinelli_2018,
  author      = {A. Rovinelli and M. C. Messner and D. M. Parks and T.-L. Sham},
  title       = {{Evaluation of statistical variation of microstructural properties and temperature effects on creep fracture of Grade 91}},
  institution = {Argonne National Laboratory},
  day         = 1,
  month       = sep,
  year        = 2018,
  number      = {ANL-ART-143},
  note        = {\url{https://doi.org/10.2172/1490822}}
}

% libMesh
% "We ran the experiments by using the libMesh-sedimentation solver"
% https://periodicos.ufmg.br/index.php/jidm/article/view/416
@Article{Guedes_2018,
  author  = {Thaylon Guedes and Vitor Silva and Jos{\'{e}} Camata and Marcos V. N. Bedo and Marta Mattoso and Daniel C. M. {de Oliveira}},
  title   = {Towards an empricial evaluation of scientific data indexing and querying},
  journal = {Journal of Information and Data Management},
  month   = apr,
  year    = 2018,
  volume  = 9,
  number  = 1,
  pages   = {84--93},
  note    = {\url{https://tinyurl.com/y6hhgbzc}}
}

% BISON
% https://www.osti.gov/biblio/1495192-plant-level-scenario-based-risk-analysis-enhanced-resilient-pwr-sbo-lbloca
% https://inldigitallibrary.inl.gov/sites/sti/sti/Sort_7347.pdf
@TechReport{Ma_2018c,
  author      = {Zhegang Ma and Carlo Parisi and Hongbin Zhang and Diego Mandelli and Cole Blakely and Jianguo Yu and Robert Youngblood and Nolan Anderson},
  title       = {{Plant-level scenario-based risk analysis for enhanced resilient PWR--SBO and LBLOCA}},
  institution = {Idaho National Laboratory},
  month       = sep,
  day         = 28,
  year        = 2018,
  number      = {INL/EXT-18-51436},
  note        = {\url{https://doi.org/10.2172/1495192}}
}

% Conference website: https://www.csm.ornl.gov/srt/conferences/Scala/2018/
% In conjunction with SC18: The International Conference on High Performance Computing, Networking, Storage and Analysis
% http://conferences.computer.org/scw/2018/#!/toc/10
% http://conferences.computer.org/scw/2018/pdfs/ScalA2018-6pF8dRij4KcY9VoYwza4mU/7pIbkrjFmVvNl1ccGEf0ZS/2plX1nuBLKno20fWHbuqp3.pdf
@InProceedings{Kong_2018b,
  author    = {Fande Kong and Roy H. Stogner and Derek R. Gaston and John W. Peterson and Cody J. Permann and Andrew E. Slaughter and Richard C. Martineau},
  title     = {A general-purpose hierarchical mesh partitioning method with node balancing strategies for large-scale numerical simulations},
  booktitle = {Proceedings of 2018 IEEE/ACM 9th Workshop on Latest Advances in Scalable Algorithms for Large-Scale Systems (scalA)},
  address   = {Dallas, Texas},
  month     = nov # {~12,},
  year      = 2018,
  pages     = {65--72},
  note      = {\url{https://doi.org/10.1109/ScalA.2018.00012}, {INL/CON-18-51344}, ArXiv preprint: \url{http://arxiv.org/abs/1809.02666}}
}

% MOOSE/MARMOT
% https://www.osti.gov/servlets/purl/1489225
% https://www.osti.gov/biblio/1489225-project-final-report-experimental-validation-uo2-microstructural-evolutions-neams-tool-marmot
@TechReport{YYang_2018,
  author      = {Yong Yang},
  title       = {{Project Final Report: Experimental validation of UO$_2$ microstructural evolutions for NEAMS tool MARMOT}},
  institution = {Office of Nuclear Energy, University of Florida},
  day         = dec,
  month       = 31,
  year        = 2018,
  number      = {DE-NE0008279, 14-6382},
  note        = {\url{https://doi.org/10.2172/1489225}}
}

% This looks like a journal that used to be published by Cambridge
% University Press but has now been taken over by a Chinese publisher?
% This DOI was not live when I clicked on it.
% https://doi.org/10.4208/nmtma.2018.s07
% http://www.global-sci.org/uploads/Issue/NMTMA/v4n11/411_795.pdf
@Article{XZhang_2018b,
  author  = {Xing Zhang and Li Luo and Xiaoping Wang},
  title   = {A numerical study of fluid-particle interaction with slip boundary condition},
  journal = {Numerical Mathematics: Theory, Methods \& Applications},
  month   = nov,
  year    = 2018,
  volume  = 11,
  number  = 4,
  pages   = {795--809},
  note    = {\url{https://tinyurl.com/ybr2mmrz}}
}

% MOOSE
@InProceedings{Cohn_2018,
  author    = {Brian Cohn and Jieun Hur and Richard Denning and Tunc Aldemir and Halil Sezen},
  title     = {{Convergence of varied surrogate models for seismic dynamic PRA/PSA}},
  booktitle = {{Proceedings of Probabilistic Safety Assessment and Management (PSAM 14)}},
  address   = {Los Angeles, California},
  pages     = {193 (12 pages)},
  month     = sep # {~16--21,},
  year      = 2018,
  note      = {\url{http://psam14.org/proceedings/paper/paper_193_1.pdf}}
}

% MOOSE/XFEM
% https://neup.inl.gov/SiteAssets/Final%20%20Reports/FY%202015/15-8000%20NEUP%20Final%20Report.pdf
@TechReport{Sant_2018,
  author      = {Gaurav Sant},
  title       = {The influences of neutron irradiation on aggregate induced degradation of concrete},
  institution = {Nuclear Energy University Programs (NEUP)},
  day         = 10,
  month       = dec,
  year        = 2018,
  number      = {DOE/NEUP 15-8000},
  note        = {\url{https://tinyurl.com/y7eng7ux}}
}

% https://inldigitallibrary.inl.gov/sites/sti/sti/Sort_7246.pdf
% https://www.osti.gov/biblio/1484524-httr-cross-section-generation-serpent-mammoth
@TechReport{Laboure_2018b,
  author      = {Vincent M. Labour{\'{e}} and Javier Ortensi and Andrew Hummel},
  title       = {{HTTR 3D cross section generation with Serpent and MAMMOTH}},
  institution = {Idaho National Laboratory},
  month       = sep,
  year        = 2018,
  number      = {INL/EXT-18-51317},
  note        = {\url{https://doi.org/10.2172/1484524}}
}

% "using a finite-element approach as implemented in the MOOSE Framework"
@Article{Yurkiv_2018d,
  author  = {Vitaliy Yurkiv and Tara Foroozan and Ajaykrishna Ramasubramanian and Reza Shahbazian-Yassar and Farzad Mashayek},
  title   = {{The influence of stress field on Li electrodeposition in Li-metal battery}},
  journal = {MRS Communications},
  month   = sep,
  year    = 2018,
  volume  = 8,
  number  = 3,
  pages   = {1285--1291},
  note    = {\url{https://doi.org/10.1557/mrc.2018.146}}
}

% MOOSE/BISON
% https://info.ornl.gov/sites/publications/Files/Pub118424.pdf
% https://www.osti.gov/biblio/1484112-initial-accident-tolerant-fuel-cladding-extensions-vera-bison-offline-coupling
@TechReport{Reynolds_2018,
  author      = {Aaron Reynolds and Shane G. Stimpson and Russell Gardner},
  title       = {{Initial accident-tolerant fuel/cladding extensions to the VERA-to-Bison offline coupling}},
  institution = {Oak Ridge National Laboratory},
  day         = 1,
  month       = oct,
  year        = 2018,
  number      = {ORNL/TM-2018/1021, CASL-U-2018-1670-000},
  note        = {\url{https://doi.org/10.2172/1484112}}
}

% MOOSE/SAM
% https://www.osti.gov/biblio/1483856-advanced-model-developments-sam-thermal-stratification-analysis-during-reactor-transients
% https://publications.anl.gov/anlpubs/2018/10/147389.pdf
@TechReport{Hu_2018c,
  author      = {Rui Hu and Yangmo Zhu and Adam Kraus},
  title       = {{Advanced model developments in SAM for thermal stratification analysis during reactor transients}},
  institution = {Argonne National Laboratory},
  day         = 30,
  month       = sep,
  year        = 2018,
  number      = {ANL/NSE-18/7},
  note        = {\url{https://doi.org/10.2172/1483856}}
}

@Article{SalazardeTroya_2018,
  author  = {Miguel A. {Salazar de Troya} and Daniel A. Tortorelli},
  title   = {Adaptive mesh refinement in stress-constrained topology optimization},
  journal = {Structural and Multidisciplinary Optimization},
  month   = dec,
  year    = 2018,
  volume  = 58,
  number  = 6,
  pages   = {2369--2386},
  note    = {\url{https://doi.org/10.1007/s00158-018-2084-2}}
}

% MOOSE
% https://permalink.lanl.gov/object/tr?what=info:lanl-repo/lareport/LA-UR-18-30520
% https://www.osti.gov/biblio/1481112-puma-plutonium-modeling-analysis-theory-manual-rev
@TechReport{Matthews_2018,
  author      = {Christopher Matthews and Michael William Donald Cooper},
  title       = {{PUMA: Plutonium Modeling and Analysis}},
  institution = {Los Alamos National Laboratory},
  day         = 2,
  month       = nov,
  year        = 2018,
  number      = {LA-UR-18-30520},
  note        = {\url{https://doi.org/10.2172/1481112}}
}

% MOOSE/phase-field
@Article{Meher_2018,
  author  = {S. Meher and L. K. Aagesen and M. C. Carroll and T. M. Pollock and L. J. Carroll},
  title   = {The origin and stability of nanostructural hierarchy in crystalline solids},
  journal = {Science Advances},
  month   = nov,
  year    = 2018,
  volume  = 4,
  number  = 11,
  pages   = {eaao6051 (10 pages)},
  note    = {\url{https://doi.org/10.1126/sciadv.aao6051}}
}

% MOOSE
% http://proceedings.asmedigitalcollection.asme.org/proceeding.aspx?articleid=2710257
@InProceedings{Niu_2018,
  author    = {Jinlin Niu and Lidong Wang and Jiong Guo and Fu Li},
  title     = {{Development of single pebble benchmark Ex. I-2A for IAEA UAM CRP with MOOSE}},
  booktitle = {{Proceedings of the 26th International Conference on Nuclear Engineering (ICONE26)}},
  address   = {London, England},
  month     = jul # {~22--26,},
  year      = 2018,
  pages     = {V06BT08A033 (6 pages)},
  note      = {Paper no. ICONE26-82155, {\url{https://doi.org/10.1115/ICONE26-82155}}}
}

% BISON
% https://pdfs.semanticscholar.org/025b/c369af940383db21ce920f2a1621696fc3f1.pdf
@InProceedings{Che_2018b,
  author    = {Yifeng Che and Xu Wu and Giovanni Pastore and Jason Hales and Koroush Shirvan},
  title     = {{Sensitivity and uncertainty analysis for fuel performance evaluation of Cr$_2$O$_3$-doped UO$_2$ fuel under LB-LOCA}},
  booktitle = {Transactions of the American Nuclear Society Winter Meeting},
  volume    = 119,
  address   = {Orlando, Florida},
  month     = nov # {~11--15,},
  pages     = {440--443},
  year      = 2018,
  note      = {\url{https://tinyurl.com/r2jdebo}}
}

% BISON
% This paper and the one above are basically identical, but they were presented at different conferences...
% https://www.euronuclear.org/archiv/topfuel2018/fullpapers/TopFuel2018-A0196-fullpaper.pdf
@InProceedings{Che_2018,
  author    = {Yifeng Che and Xu Wu and Wei Li and Koroush Shirvan and Giovanni Pastore and Jason Hales},
  title     = {{Sensitivity and uncertainty analysis of fuel performance assessment of chromia-doped fuel during large-break LOCA}},
  booktitle = {{Proceedings of Top Fuel 2018}},
  address   = {Prague, Czech Republic},
  month     = sep # {~30--} # oct # {~4,},
  year      = 2018,
  note      = {\url{https://tinyurl.com/sztsgqt}}
}

% MAMMOTH
% https://pdfs.semanticscholar.org/87fa/156e8610dc6fb2c77e6b94ee621f554f259f.pdf
@InProceedings{Ortensi_2018c,
  author    = {Javier Ortensi and Sebastian Schunert and Yaqi Wang and Vincent Labour{\'{e}} and Frederick Gleicher and Richard C. Martineau},
  title     = {{Analysis of the HTR-10 initial critical core with the MAMMOTH reactor physics application}},
  booktitle = {Transactions of the American Nuclear Society Winter Meeting},
  volume    = 119,
  address   = {Orlando, Florida},
  month     = nov # {~11--15,},
  pages     = {1103--1107},
  year      = 2018,
  note      = {\url{https://tinyurl.com/quj23s2}}
}

% BISON
% https://www.osti.gov/biblio/1484128-standalone-bison-results-from-ap1000-rod-ejection-demonstration-vera
@InProceedings{Stimpson_2018b,
  author    = {Shane G. Stimpson and Charles Folsom and Russell Gardner and Stephen R. Novascone and Richard L. Williamson},
  title     = {{Standalone BISON results from AP1000 rod ejection demonstration in VERA}},
  booktitle = {Transactions of the American Nuclear Society Winter Meeting},
  volume    = 119,
  address   = {Orlando, Florida},
  month     = nov # {~11--15,},
  pages     = {1108--1111},
  year      = 2018,
  note      = {\url{https://tinyurl.com/s6sl73h}}
}

% "This example solves the nonlinear FE problem in MOOSE,
% an open-source tool developed at Idaho National Laboratory"
% https://proceedings.asmedigitalcollection.asme.org/proceeding.aspx?articleid=2711569
@InProceedings{Messner_2018,
  author    = {M. C. Messner and T.-L. Sham},
  title     = {Detection of ratcheting in finite element calculations},
  booktitle = {{Proceedings of the ASME Pressure Vessels and Piping Conference (PVP2018), Volume 1B}},
  address   = {Prague, Czech Republic},
  pages     = {V01BT01A013 (9 pages)},
  month     = jul # {~15--20,},
  year      = 2018,
  note      = {Paper No.~PVP2018-84102, \url{https://doi.org/10.1115/PVP2018-84102}}
}

% BISON
% https://www.euronuclear.org/archiv/topfuel2018/fullpapers/TopFuel2018-A0241-fullpaper.pdf
@InProceedings{Pastore_2018c,
  author    = {G. Pastore and T. Barani and D. Pizzocri and A. Magni and L. Luzzi},
  title     = {{Modeling fission gas release and bubble evolution in UO$_2$ for engineering fuel rod analysis}},
  booktitle = {{Proceedings of Top Fuel 2018}},
  address   = {Prague, Czech Republic},
  month     = sep # {~30--} # oct # {~4,},
  year      = 2018,
  note      = {\url{https://tinyurl.com/s2smca8}}
}

% BISON
% https://www.euronuclear.org/archiv/topfuel2018/fullpapers/TopFuel2018-A0096-fullpaper.pdf
@InProceedings{Ray_2018,
  author    = {S. Ray and V. Kucukboyaci and Y. Sung and P. Kersting and R. Brewster and K. Clarno and A. Godfrey},
  title     = {{Industry use of CASL tools}},
  booktitle = {{Proceedings of Top Fuel 2018}},
  address   = {Prague, Czech Republic},
  month     = sep # {~30--} # oct # {~4,},
  year      = 2018,
  note      = {\url{https://tinyurl.com/qtccokj}}
}

% BISON
% https://www.euronuclear.org/archiv/topfuel2018/fullpapers/TopFuel2018-A0156-fullpaper.pdf
@InProceedings{Long_2018,
  author    = {Yun Long and Paul J. Kersting and Otto Linsuain and Tim M. Crede and Robert L. Oelrich},
  title     = {{Fuel performance analysis of Encore fuel}},
  booktitle = {{Proceedings of Top Fuel 2018}},
  address   = {Prague, Czech Republic},
  month     = sep # {~30--} # oct # {~4,},
  year      = 2018,
  note      = {\url{https://tinyurl.com/sb342cz}}
}

% https://www.osti.gov/biblio/1479731-warthog-coupling-nek5000-thermal-hydraulics-bison-fuel-performance-through-giraffe-interface
% https://info.ornl.gov/sites/publications/Files/Pub117684.pdf
@TechReport{Dugan_2018b,
  author      = {Kevin J. Dugan and Shane W. D. Hart and Bradley T. Rearden},
  title       = {{Warthog: Coupling Nek5000 thermal hydraulics to BISON fuel performance through the Giraffe interface}},
  institution = {Oak Ridge National Laboratory},
  month       = oct,
  year        = 2018,
  number      = {ORNL/LTR-2018/927},
  note        = {\url{https://doi.org/10.2172/1479731}}
}

% https://www.osti.gov/biblio/1479732-thermo-mechanical-analysis-sic-fecral-cladding-behavior-under-loss-coolant-accident
% https://info.ornl.gov/sites/publications/Files/Pub117658.pdf
@TechReport{Sweet_2018c,
  author      = {Ryan T. Sweet and Andrew T. Nelson and Brian D. Wirth},
  title       = {{Thermo-mechanical analysis of SiC and FeCrAl cladding behavior under a loss-of-coolant accident}},
  institution = {Oak Ridge National Laboratory},
  day         = sep,
  month       = 12,
  year        = 2018,
  number      = {ORNL/SPR-2018/995},
  note        = {\url{https://doi.org/10.2172/1479732}}
}

% MOOSE/Redback
@Article{Egert_2018,
  author  = {Robert Egert and Robin Seithel and Thomas Kohl and Ingrid Stober},
  title   = {{Triaxial testing and hydraulic-mechanical modeling of sandstone reservoir rock in the Upper Rhine Graben}},
  journal = {Geothermal Energy},
  month   = nov,
  year    = 2018,
  volume  = 6,
  pages   = {23 (22 pages)},
  note    = {\url{https://doi.org/10.1186/s40517-018-0109-0}}
}

% "BeatIt" - a libMesh/PETSc-based code.
% Also appears in the collection:
% M. Vazquez et al. (eds.), "Advanced HPC-based computational modeling
% in biomechanics and systems biology", Frontiers Research Topics, Apr 2019,
% pg. 34--48, ISBN 2889458172.
@Article{Rossi_2018,
  author  = {Simone Rossi and Stephen Gaeta and Boyce E. Griffith and Craig S. Henriquez},
  title   = {Muscle thickness and curvature influence atrial conduction velocities},
  journal = {Frontiers in Physiology},
  month   = oct,
  year    = 2018,
  volume  = 9,
  pages   = {1344 (15 pages)},
  note    = {\url{https://doi.org/10.3389/fphys.2018.01344}}
}

% They provide a frontend to MOOSE via ICE.
@Article{Billings_2018,
  author  = {Jay Jay Billings and Andrew R. Bennett and Jordan Deyton and Kasper Gammeltoft and Jonah Graham and Dasha Gorin and Hari Krishnan and Menghan Li and Alexander J. McCaskey and Taylor Patterson and Robert Smith and Gregory R. Watson and Anna Wojtowicz},
  title   = {{The Eclipse Integrated Computational Environment}},
  journal = {SoftwareX},
  month   = {January--June},
  year    = 2018,
  volume  = 7,
  pages   = {234--244},
  note    = {\url{https://doi.org/10.1016/j.softx.2018.07.004}, ArXiv e-print: \url{https://arxiv.org/abs/1704.01398}}
}

% MOOSE
@Article{Sevic_2018,
  author  = {John F. Sevic and Nobuhiko P. Kobayashi},
  title   = {Self-consistent continuum-based transient simulation of electroformation of niobium oxide-tantalum dioxide selector-memristor structures},
  journal = {Journal of Applied Physics},
  month   = oct,
  year    = 2018,
  volume  = 124,
  number  = 16,
  pages   = {164501 (7 pages)},
  note    = {\url{https://doi.org/10.1063/1.5040517}}
}

% MOOSE/BISON
% https://www.osti.gov/biblio/1477612-developing-nonparametric-functional-calibration-framework-physics-based-models
% https://permalink.lanl.gov/object/tr?what=info:lanl-repo/lareport/LA-UR-18-29597
@TechReport{Chodora_2018,
  author      = {Evan Christopher Chodora},
  title       = {{Developing a nonparametric functional calibration framework for physics-based models}},
  institution = {Los Alamos National Laboratory},
  day         = 10,
  month       = oct,
  year        = 2018,
  number      = {LA-UR-18-29597},
  note        = {\url{https://doi.org/10.2172/1477612}}
}

% MOOSE/MARMOT
% https://www.osti.gov/biblio/1477619-milestone-report-grain-growth-fission-gas-behaviour-doped-uo2-m2ms
% https://permalink.lanl.gov/object/tr?what=info:lanl-repo/lareport/LA-UR-18-29629
@TechReport{Cooper_2018,
  author      = {Michael William Donald Cooper and I. Greenquist and M. R. Tonks and G. Pastore and K. Shirvan and Christopher Richard Stanek and Anders David Ragnar Andersson},
  title       = {{Milestone Report: Grain growth and fission gas behaviour in doped UO$_2$}},
  institution = {Los Alamos National Laboratory},
  day         = 10,
  month       = oct,
  year        = 2018,
  number      = {LA-UR-18-29629},
  note        = {\url{https://doi.org/10.2172/1477619}}
}

% Uses MOOSE.
% http://www.ejournals.eu/Czasopismo-Techniczne/2018/Volume-7/art/12127/
% This is a Polish journal, and the link/PDF above have various DOIs, including:
% https://doi.org/10.4467/2353737XCT.18.107.8802
% https://doi.org/10.4467/2353737XCT.18.109.8804
% neither of which seem to be correct, so we are going with the direct journal link for now...
@Article{Galek_2018,
  author  = {Rafa{\l} Ga{\l}ek},
  title   = {Two-dimensional numerical simulation of a thermoelectric cooler module},
  journal = {Technical Transactions --- Mechanics},
  month   = jul,
  year    = 2018,
  volume  = 7,
  pages   = {167--178},
  note    = {\url{https://tinyurl.com/y9msxc7d}}
}

@Article{Castorrini_2018b,
  author  = {Alessio Castorrini and Paolo Venturini and Alessandro Corsini and Franco Rispoli},
  title   = {Numerical simulation of the blade aging process in an induced draft fan due to long time exposition to fly ash particles},
  journal = {Journal of Engineering for Gas Turbines and Power},
  month   = oct,
  year    = 2018,
  volume  = 141,
  number  = 1,
  pages   = {011025 (9 pages)},
  note    = {Paper No: GTP-18-1518, \url{https://doi.org/10.1115/1.4041127}}
}

@Article{Mahmood_2018,
  author  = {O. Mahmood and B. Audoly and S. Roux},
  title   = {Cracks in tension-field elastic sheets},
  journal = {Physical Review Letters},
  month   = oct,
  year    = 2018,
  volume  = 121,
  pages   = {144301 (4 pages)},
  note    = {\url{https://doi.org/10.1103/PhysRevLett.121.144301}}
}

@Article{HMa_2018b,
  author  = {H. R. Ma and A. Kunwar and S. Y. Shang and C. R. Jiang and Y. P. Wang and H. T. Ma and N. Zhao},
  title   = {{Evolution behavior and growth kinetics of intermetallic compounds at Sn/Cu interface during multiple reflows}},
  journal = {Intermetallics},
  month   = may,
  year    = 2018,
  volume  = 96,
  pages   = {1--12},
  note    = {\url{https://doi.org/10.1016/j.intermet.2018.01.022}}
}

% Does not cite MOOSE/phase_field, but one of the authors (Anil Kunwar) tells me they used it.
@Article{Shang_2018,
  author  = {Shengyan Shang and Anil Kunwar and Jinye Yao and Yunpeng Wang and Ning Zhao and Mingliang Huang and Haitao Ma},
  title   = {{All-round suppression of Cu$_6$Sn$_5$ growth in Sn/Cu joints by utilizing TiO$_2$ nanoparticles}},
  journal = {Journal of Materials Science: Materials in Electronics},
  month   = sep,
  year    = 2018,
  volume  = 29,
  number  = 18,
  pages   = {15966--15972},
  note    = {\url{https://doi.org/10.1007/s10854-018-9682-z}}
}

% MOOSE
@Article{Hong_2018,
  author  = {Zijian Hong and Venkatasubramanian Viswanathan},
  title   = {Phase-field simulations of lithium dendrite growth with open-source software},
  journal = {ACS Energy Letters},
  month   = jun,
  year    = 2018,
  volume  = 3,
  number  = 7,
  pages   = {1737--1743},
  note    = {\url{https://doi.org/10.1021/acsenergylett.8b01009}}
}

% BISON
@Article{Zahoor_2018,
  author  = {Mudasar Zahoor and Albert Casagranda},
  title   = {{Fuel relocation recovery implementation in BISON}},
  journal = {Journal of Nuclear Materials},
  month   = dec,
  year    = 2018,
  volume  = 511,
  pages   = {473--479},
  note    = {\url{https://doi.org/10.1016/j.jnucmat.2018.09.041}}
}

% "The fluid flow at each particle position was calculated by linear interpolation of the
% CFD solution using the same triangular mesh and evaluating the velocity and velocity
% gradient (libMesh 1.2.1)."
@Article{Divi_2018,
  author  = {Raj V. Divi and James A. Strother and E. W. Misty {Paig-Tran}},
  title   = {Manta rays feed using ricochet separation, a novel nonclogging filtration mechanism},
  journal = {Science Advances},
  month   = sep,
  year    = 2018,
  volume  = 4,
  number  = 9,
  pages   = {eaat9533 (7 pages)},
  note    = {\url{https://doi.org/10.1126/sciadv.aat9533}}
}

% MOOSE/phase_field
@Article{Liang_2018b,
  author  = {Linyun Liang and Yeon Soo Kim and Zhi-Gang Mei and Larry K. Aagesen and Abdellatif M. Yacout},
  title   = {{Fission gas bubbles and recrystallization-induced degradation of the effective thermal conductivity in U-7Mo fuels}},
  journal = {Journal of Nuclear Materials},
  month   = dec,
  year    = 2018,
  volume  = 511,
  pages   = {438--445},
  note    = {\url{https://doi.org/10.1016/j.jnucmat.2018.09.054}}
}

% MOOSE
@Article{Blocher_2018,
  author  = {Guido Bl{\"{o}}cher and Mauro Cacace and Antoine B. Jacquey and Arno Zang and Oliver Heidbach and Hannes Hofmann and Christian Kluge and G{\"{u}}nter Zimmermann},
  title   = {{Evaluating micro-seismic events triggered by reservoir operations at the geothermal site of Gro\ss{} Sch{\"{o}}nebeck (Germany)}},
  journal = {Rock Mechanics and Rock Engineering},
  month   = oct,
  year    = 2018,
  volume  = 51,
  number  = 10,
  pages   = {3265--3279},
  note    = {\url{https://doi.org/10.1007/s00603-018-1521-2}}
}

% Quote from the paper: "The general purpose finite-element library libMesh is
% used to compute the numerical solutions to the partial differential equations."
@Article{Lima_2018b,
  author  = {E. A. B. F. Lima and N. Ghousifam and A. Ozkan and J. T. Oden and A. Shahmoradi and M. N. Rylander and B. Wohlmuth and T. E. Yankeelov},
  title   = {Calibration of multi-parameter models of avascular tumor growth using time resolved microscopy data},
  journal = {Scientific Reports},
  month   = sep,
  year    = 2018,
  volume  = 8,
  pages   = {14558 (17 pages)},
  note    = {\url{https://doi.org/10.1038/s41598-018-32347-9}}
}

% https://metrumrg.com/publications/methodology-tools-and-computation/
% https://metrumrg.com/wp-content/uploads/2018/09/stan_pde_poster.pdf
@Misc{YZhang_2018,
  author       = {Yi Zhang and William R. Gillespie and Minjie Zhu},
  title        = {{Bayesian inference with partial differential equations using Stan}},
  month        = aug # {~29--31,},
  year         = 2018,
  howpublished = {Poster presented at StanCon, Helsinki, Finland},
  note         = {\url{https://tinyurl.com/ycccv3mf}}
}

% BISON
% https://www.osti.gov/servlets/purl/1470224
% https://www.osti.gov/biblio/1470224-enhanced-accident-tolerant-fuel-performance-reliability-aggressive-ipwr-smr-operation
@TechReport{Maldonado_2018,
  author      = {G. Ivan Maldonado},
  title       = {{Enhanced accident-tolerant fuel performance and reliability for aggressive iPWR/SMR operation}},
  institution = {Nuclear Energy University Programs (NEUP)},
  day         = 30,
  month       = aug,
  year        = 2018,
  number      = {DOE/NEUP 14-6893},
  note        = {\url{https://doi.org/10.2172/1470224}}
}

% MOOSE/phase_field
@Article{Fu_2018,
  author  = {Yao Fu and John Michopoulos and Balachander Gnanasekaran},
  title   = {Microstructure evolution under isothermal and continuous cooling conditions via a combined multiphase field and nucleation approach},
  journal = {Computational Materials Science},
  month   = dec,
  year    = 2018,
  volume  = 155,
  pages   = {457--465},
  note    = {\url{https://doi.org/10.1016/j.commatsci.2018.08.057}}
}

% MOOSE
@Article{Jacquey_2018,
  author  = {Antoine B. Jacquey and Luca Urpi and Mauro Cacace and Guido Bl{\"{o}}cher and G{\"{u}}nter Zimmermann and Magdalena Scheck-Wenderoth},
  title   = {{Far field poroelastic response of geothermal reservoirs to hydraulic stimulation treatment: Theory and application at the Gro\ss{} Sch{\"{o}}nebeck geothermal research facility}},
  journal = {International Journal of Rock Mechanics and Mining Sciences},
  month   = oct,
  year    = 2018,
  volume  = 117,
  pages   = {316--327},
  note    = {\url{https://doi.org/10.1016/j.ijrmms.2018.08.012}}
}

% Does not use libmesh directly, but "An implementation of the stretched grid structure inspired by the libMesh ... is adopted."
@Article{Zhong_2018,
  author  = {Jing Zhong and Weimin Chen and Lijun Zhang},
  title   = {{HitDIC: A free-accessible code for high-throughput determination of interdiffusion coefficients in single solution phase}},
  journal = {Calphad},
  month   = mar,
  year    = 2018,
  volume  = 60,
  pages   = {177--190},
  note    = {\url{https://doi.org/10.1016/j.calphad.2017.12.004}}
}

% https://www.osti.gov/biblio/1468643-benchmark-analysis-htr-mammoth-reactor-physics-application
% https://inldigitallibrary.inl.gov/sites/sti/sti/Sort_5409.pdf
@TechReport{Ortensi_2018b,
  author      = {Javier Ortensi and Sebastian Schunert and Yaqi Wang and Vincent Labour{\'{e}} and Frederick Gleicher and Richard C. Martineau},
  title       = {{Benchmark analysis of the HTR-10 with the MAMMOTH reactor physics application}},
  institution = {Idaho National Laboratory},
  day         = 1,
  month       = jun,
  year        = 2018,
  number      = {INL/EXT-18-45453},
  note        = {\url{https://doi.org/10.2172/1468643}}
}

% https://www.osti.gov/biblio/1467562-bison-improvements-robustness-speed
% https://inldigitallibrary.inl.gov/sites/sti/sti/Sort_5679.pdf
@TechReport{Spencer_2018b,
  author      = {Benjamin W. Spencer and Richard L. Williamson and Alexander D. Lindsay and Fande Kong and Russell J. Gardner and Jason D. Hales and Albert Casagranda and Daniel Schwen and Hailong Chen and Naveen Prakash and Christopher Matthews and Cetin Unal},
  title       = {Bison improvements for robustness and speed},
  institution = {Idaho National Laboratory},
  day         = 29,
  month       = jun,
  year        = 2018,
  number      = {INL/EXT-18-45704},
  note        = {\url{https://doi.org/10.2172/1467562}}
}

% MOOSE
@Article{Gao_2018,
  author  = {Yipeng Gao and Yongfeng Zhang and Daniel Schwen and Chao Jiang and Cheng Sun and Jian Gan},
  title   = {{Formation and self-organization of void superlattices under irradiation: A phase field study}},
  journal = {Materialia},
  month   = sep,
  year    = 2018,
  volume  = 1,
  pages   = {78--88},
  note    = {\url{https://doi.org/10.1016/j.mtla.2018.04.003}}
}

% "The finite element library libmesh [33] has been used for implementation."
@Article{Caboussat_2018,
  author  = {Alexandre Caboussat and Roland Glowinski and Dimitrios Gourzoulidis},
  title   = {{A least-squares/relaxation method for the numerical solution of the three-dimensional elliptic Monge--Amp{\`{e}}re equation}},
  journal = {Journal of Scientific Computing},
  month   = oct,
  year    = 2018,
  volume  = 77,
  number  = 1,
  pages   = {53--78},
  note    = {\url{https://doi.org/10.1007/s10915-018-0698-6}}
}

% MOOSE/Mammoth
% https://www.osti.gov/servlets/purl/1478253
% https://www.osti.gov/biblio/1478253-modeling-treat-m8-calibration-series-measurements-using-mammoth
@InProceedings{Baker_2018,
  author    = {Benjamin A. Baker and Javier Ortensi and Mark D. DeHart},
  title     = {{Modeling of the TREAT M8 calibration series measurements using Mammoth}},
  booktitle = {{Physics of Reactors (PHYSOR)}},
  address   = {Cancun, Mexico},
  publisher = {American Nuclear Society},
  month     = apr # {~22--26,},
  year      = 2018,
  note      = {INL/CON-17-43462, \url{https://tinyurl.com/y9olojxq}}
}

% MOOSE/RattleSnake
% https://www.researchgate.net/profile/Vincent_Laboure/publication/327142167_Iterated_Discontinuity_Factors_Based_on_Reference_Outgoing_Currents_for_Discontinuous_Finite_Element_Diffusion/links/5b840979a6fdcc5f8b6b3970/Iterated-Discontinuity-Factors-Based-on-Reference-Outgoing-Currents-for-Discontinuous-Finite-Element-Diffusion.pdf
@InProceedings{Laboure_2018,
  author    = {Vincent Labour{\'{e}} and Javier Ortensi and Yaqi Wang and Sebastian Schunert and Mark DeHart},
  title     = {Iterated discontinuity factors based on reference outgoing currents for discontinuous finite element diffusion},
  booktitle = {{Physics of Reactors (PHYSOR)}},
  address   = {Cancun, Mexico},
  publisher = {American Nuclear Society},
  month     = apr # {~22--26,},
  year      = 2018,
  note      = {\url{https://tinyurl.com/yazc4lbv}}
}

% MOOSE/NUMBAT
@Article{Green_2018,
  author  = {Christopher P. Green and Jonathan Ennis-King},
  title   = {Steady flux regime during convective mixing in three-dimensional heterogeneous porous media},
  journal = {Fluids},
  month   = aug,
  year    = 2018,
  volume  = 3,
  pages   = {58 (21 pages)},
  note    = {\url{https://doi.org/10.3390/fluids3030058}}
}

% MOOSE/FERRET
@Article{Mangeri_2018,
  author  = {John Mangeri and S. Pamir Alpay and Serge Nakhmanson and Olle G. Heinonen},
  title   = {{Electromechanical control of polarization vortex ordering in an interacting ferroelectric-dielectric composite dimer}},
  journal = {Applied Physics Letters},
  month   = aug,
  year    = 2018,
  volume  = 113,
  number  = 9,
  pages   = {092901 (5 pages)},
  note    = {\url{https://doi.org/10.1063/1.5046080}}
}

@Article{Ma_2018,
  author  = {Xiao Ma and Ahmed Elbanna},
  title   = {{Strain localization in dry sheared granular materials: A compactivity-based approach}},
  journal = {Physical Review E},
  month   = aug,
  year    = 2018,
  volume  = 98,
  number  = 2,
  pages   = {022906 (18 pages)},
  note    = {\url{https://doi.org/10.1103/PhysRevE.98.022906}, ArXiv e-print: \url{http://arxiv.org/abs/1701.03087}}
}

% MOOSE phase field module
@Article{XZhang_2018,
  author  = {Xing Zhang and Yiliang Liao},
  title   = {A phase-field model for solid-state selective laser sintering of metallic materials},
  journal = {Powder Technology},
  month   = nov,
  year    = 2018,
  volume  = 339,
  pages   = {677--685},
  note    = {\url{https://doi.org/10.1016/j.powtec.2018.08.025}}
}

% MOOSE
@Article{Peters_2018,
  author  = {Elisabeth Peters and Guido Bl{\"{o}}cher and Saeed Salimzadeh and Paul J. P. Egberts and Mauro Cacace},
  title   = {Modelling of multi-lateral well geometries for geothermal applications},
  journal = {Advances in Geosciences},
  month   = aug,
  year    = 2018,
  volume  = 45,
  pages   = {209--215},
  note    = {\url{https://doi.org/10.5194/adgeo-45-209-2018}}
}

% MOOSE
@Article{Aagesen_2018,
  author  = {Larry K. Aagesen and Yipeng Gao and Daniel Schwen and Karim Ahmed},
  title   = {Grand-potential-based phase-field model for multiple phases, grains, and chemical components},
  journal = {Physical Review E},
  month   = aug,
  year    = 2018,
  volume  = 98,
  pages   = {023309 (16 pages)},
  note    = {\url{https://doi.org/10.1103/PhysRevE.98.023309}}
}

% MOOSE
@InProceedings{Icenhour_2018,
  author    = {Casey Icenhour and Alexander Lindsay and David Green and Richard Martineau and Steven Shannon},
  title     = {{Elk: A new MOOSE framework application for radio-frequency electromagnetics}},
  booktitle = {{Proceedings of the 71st Annual Gaseous Electronics Conference}},
  address   = {Portland, Oregon},
  month     = nov # {~5--9,},
  year      = 2018,
  note      = {\url{http://meetings.aps.org/Meeting/GEC18/Session/ET1.2}}
}

% REDBACK
@Article{MHu_2018,
  author  = {Manman Hu and Klaus Regenauer-Lieb},
  title   = {Entropic limit analysis applied to radial cavity expansion problems},
  journal = {Frontiers in Materials},
  month   = aug,
  year    = 2018,
  volume  = 5,
  pages   = {47 (10 pages)},
  note    = {\url{https://doi.org/10.3389/fmats.2018.00047}}
}

% FERRET
@Article{Pitike_2018,
  author  = {Krishna Chaitanya Pitike and John Mangeri and Hope Whitelock and Tulsi Patel and Pamela Dyer and S. Pamir Alpay and Serge Nakhmanson},
  title   = {Metastable vortex-like polarization textures in ferroelectric nanoparticles of different shapes and sizes},
  journal = {Journal of Applied Physics},
  month   = aug,
  year    = 2018,
  volume  = 124,
  number  = 6,
  pages   = {064104 (10 pages)},
  note    = {\url{https://doi.org/10.1063/1.5037163}}
}

% Uses NEMO5 which uses libmesh internally, although they seem to have dropped
% the reference between the first and second versions of the preprint.
@Article{Sahasrabudhe_2018,
  author  = {H. Sahasrabudhe and B. Novakovic and J. Nakamura and S. Fallahi and M. Povolotskyi and G. Klimeck and R. Rahman and M. J. Manfra},
  title   = {Optimization of edge state velocity in the integer quantum {H}all regime},
  journal = {Physical Review B},
  month   = feb,
  year    = 2018,
  volume  = 97,
  pages   = {085302 (11 pages)},
  note    = {\url{https://doi.org/10.1103/PhysRevB.97.085302} ArXiv e-print: \url{https://arxiv.org/abs/1705.07005}}
}

% Uses the rbOOmit interface in libMesh.
@Article{Buhr_2018,
  author  = {Andreas Buhr and Kathrin Smetana},
  title   = {Randomized local model order reduction},
  journal = {SIAM Journal on Scientific Computing},
  year    = 2018,
  volume  = 40,
  number  = 4,
  pages   = {A2120--A2151},
  note    = {\url{https://doi.org/10.1137/17M1138480}, ArXiv e-print: \url{https://arxiv.org/abs/1706.09179}}
}

% BISON. "Currently the PolyPole-2 algorithm is implemented in the BISON fuel performance code."
@Article{Pastore_2018b,
  author  = {G. Pastore and D. Pizzocri and C. Rabiti and T. Barani and P. {Van Uffelen} and L. Luzzi},
  title   = {An effective numerical algorithm for intra-granular fission gas release during non-equilibrium trapping and resolution},
  journal = {Journal of Nuclear Materials},
  month   = oct,
  year    = 2018,
  volume  = 509,
  pages   = {687--699},
  note    = {\url{https://doi.org/10.1016/j.jnucmat.2018.07.030}}
}

% Uses the rbOOmit interface in libMesh.
% https://www.researchgate.net/publication/326928432_Static_condensation_optimal_portinterface_reduction_and_error_estimation_for_structural_health_monitoring/references
@InProceedings{Smetana_2018,
  author    = {Kathrin Smetana},
  title     = {Static condensation optimal port/interface reduction and error estimation for structural health monitoring},
  booktitle = {{IUTAM Symposium on Model Order Reduction of Coupled Systems}},
  address   = {Stuttgart, Germany},
  editor    = {J. Fehr and B. Haasdonk},
  pages     = {1--24},
  publisher = {Springer International Publishing},
  month     = may # {~22--25,},
  year      = 2018,
  note      = {\url{https://doi.org/10.1007/978-3-030-21013-7_1}, ArXiv e-print: \url{https://arxiv.org/abs/1808.02946}}
}

% MOOSE
% https://www.researchgate.net/profile/Dhrubajyoti_Datta3/publication/326317653_Comparative_analyses_of_contact_algorithms_for_interface_modelling_in_non-linear_soil_structure_interaction/links/5b45b06e458515b4f662a030/Comparative-analyses-of-contact-algorithms-for-interface-modelling-in-non-linear-soil-structure-interaction.pdf
@InProceedings{Datta_2018,
  author    = {D. Datta and J. Coleman and A. H. Varma},
  title     = {Comparative analyses of contact algorithms for interface modelling in non-linear soil structure interaction},
  booktitle = {{Proceedings of the 11th National Conference on Earthquake Engineering}},
  address   = {Los Angeles, California},
  month     = jun # {~25--29,},
  year      = 2018,
  note      = {\url{https://tinyurl.com/y74lw335}}
}

% MOOSE
% http://ma.ecsdl.org/content/MA2018-02/8/511.abstract
@Article{Yurkiv_2018c,
  author  = {Vitaliy Yurkiv and Ajaykrishna Ramasubramanian and Tara Foroozan and Reza Shahbazian-Yassar and Farzad Mashayek},
  title   = {{Fundamental understanding of Solid Electrolyte Interface (SEI) effects on Li dendrite evolution: Multi-scale modeling study}},
  journal = {Meeting Abstracts},
  year    = 2018,
  volume  = {MA2018-02},
  number  = 8,
  pages   = {511},
  note    = {\url{https://tinyurl.com/yavequvt}}
}

% These guys used libmesh for some simulations with Bernstein and hierarchical FEs.
% http://ehf2018.iusiani.ulpgc.es/poster_files/Abstracts/EHF_2018_paper_19.pdf
% http://ehf2018.iusiani.ulpgc.es/poster_files/Posters/EHF_2018_poster_19.pdf
@Misc{Izquierdo_2018,
  author       = {Alba M. Navarro Izquierdo and M. Victoria Redondo Neble and J. Rafael Rodr{\'{i}}guez Galv{\'{a}}n},
  title        = {{Review of numerical schemes for the classical Keller-Segel system}},
  month        = jun # {~25--29,},
  year         = 2018,
  howpublished = {Poster presented at the XVIII Spanish-French School Jacques-Louis Lions about Numerical Simulation in Physics and Engineering, Las Palmas de Gran Canaria, Spain},
  note         = {\url{https://tinyurl.com/yaqzrx3n}}
}

% BISON
% https://info.ornl.gov/sites/publications/Files/Pub112359.pdf
% M3NT-18OR020205031
@TechReport{Sweet_2018b,
  author      = {Ryan T. Sweet and Andrew T. Nelson and Brian D. Wirth},
  title       = {{Analysis of FeCrAl and UO$_2$ fuel including discrete and smeared cracks, and fuel relocation}},
  institution = {Oak Ridge National Laboratory},
  day         = 28,
  month       = jun,
  year        = 2018,
  number      = {ORNL/TM--2018/889},
  note        = {\url{https://doi.org/10.2172/1460192}}
}

% MOOSE
% This DOI was not yet live when I originally found this reference.
% https://doi.org/10.475/123_4
% There is a poster and an extended abstract.
% http://oaciss.uoregon.edu/icpp18/publications/pos130s2-file2.pdf
@InProceedings{Sood_2018,
  author    = {Kanika Sood and Boyana Norris and Elizabeth Jessup},
  title     = {Iterative solver selection techniques for sparse linear systems},
  booktitle = {{Proceedings of the International Conference on Parallel Processing (ICPP'18)}},
  address   = {Eugene, Oregon},
  editor    = {J. B. Sartor and T. D'Hondt and W. {De Meuter}},
  pages     = {4 (2 pages)},
  month     = aug # {~13--16,},
  year      = 2018,
  note      = {\url{http://oaciss.uoregon.edu/icpp18/publications/pos130s2-file1.pdf}}
}

% IBAMR
@Article{Kou_2018,
  author  = {Wenjun Kou and John E. Pandolfino and Peter J. Kahrilas and Neelesh A. Patankar},
  title   = {Studies of abnormalities of the lower esophageal sphincter during esophageal emptying based on a fully coupled bolus-esophageal-gastric model},
  journal = {Biomechanics and Modeling in Mechanobiology},
  month   = aug,
  year    = 2018,
  volume  = 17,
  number  = 4,
  pages   = {1069--1082},
  note    = {\url{https://doi.org/10.1007/s10237-018-1014-y}}
}

% MOOSE
@Article{Zhang_2018,
  author  = {Ziyu Zhang and Wen Jiang and John E. Dolbow and Benjamin W. Spencer},
  title   = {{A modified moment-fitted integration scheme for X-FEM applications with history-dependent material data}},
  journal = {Computational Mechanics},
  month   = aug,
  year    = 2018,
  volume  = 62,
  number  = 2,
  pages   = {233--252},
  note    = {\url{https://doi.org/10.1007/s00466-018-1544-2}}
}

% Uses MOOSE and BISON
% https://www.osti.gov/servlets/purl/1432451
@TechReport{JZhang_2018,
  author      = {Jinsuo Zhang and Christopher Taylor},
  title       = {Studies of lanthanide transport in metallic fuel},
  institution = {Nuclear Energy University Programs, The Ohio State University},
  day         = 2,
  month       = apr,
  year        = 2018,
  number      = {14-6482},
  note        = {\url{https://doi.org/10.2172/1432451}}
}

% IBAMR
@Article{Hoover_2018,
  author  = {Alexander P. Hoover and Ricardo Cortez and Eric D. Tytell and Lisa J. Fauci},
  title   = {{Swimming performance, resonance and shape evolution in heaving flexible panels}},
  journal = {Journal of Fluid Mechanics},
  month   = jul,
  year    = 2018,
  volume  = 847,
  pages   = {386--416},
  note    = {\url{https://doi.org/10.1017/jfm.2018.305}}
}

% GRINS
@InProceedings{Adowski_2018,
  author    = {Timothy R. Adowski and Paul T. Bauman},
  title     = {{A numerical study of Bayesian inference of surface catalycity in low speed reacting flow using laser absorption spectroscopy}},
  booktitle = {{Proceedings of the 2018 Joint Thermophysics and Heat Transfer Conference}},
  address   = {Atlanta, Georgia},
  month     = jun # {~25--29,},
  year      = 2018,
  note      = {\url{https://doi.org/10.2514/6.2018-4290}}
}

% BISON
@Article{Wagih_2018,
  author  = {Malik Wagih and Benjamin Spencer and Jason Hales and Koroush Shirvan},
  title   = {Fuel performance of chromium-coated zirconium alloy and silicon carbide accident tolerant fuel claddings},
  journal = {Annals of Nuclear Energy},
  month   = oct,
  year    = 2018,
  volume  = 120,
  pages   = {304--318},
  note    = {\url{https://doi.org//10.1016/j.anucene.2018.06.001}}
}

% MARMOT
% author:Yang Phase-field modeling of non-isothermal grain coalescence in the unconventional sintering techniques
@Misc{Yang_2018,
  author       = {Yangyiwei Yang and Min Yi and Bai-Xiang Xu and Long-Qing Chen},
  title        = {{Phase-field modeling of non-isothermal grain coalescence in the unconventional sintering techniques}},
  month        = jun,
  year         = 2018,
  howpublished = {ArXiv e-print},
  note         = {\url{https://arxiv.org/abs/1806.02799}}
}

% BISON
% https://info.ornl.gov/sites/publications/Files/Pub111026.pdf
% M3NT-18OR020205033
@TechReport{Singh_2018c,
  author      = {G. P. Singh and J. Gorton and D. Schappel and N. Brown and Y. Katoh and K. Terrani and B. D. Wirth},
  title       = {{Preliminary analysis of SiC BWR channel box performance under normal operation}},
  institution = {Oak Ridge National Laboratory},
  day         = 17,
  month       = may,
  year        = 2018,
  number      = {ORNL/TM-2018/854},
  note        = {\url{https://doi.org/10.2172/1439933}}
}

% MOOSE
@Article{Novascone_2018,
  author  = {Stephen Novascone and Pavel Medvedev and John W. Peterson and Yongfeng Zhang and Jason Hales},
  title   = {{Modeling porosity migration in {LWR} and fast {MOX} fuel using the finite element method}},
  journal = {Journal of Nuclear Materials},
  month   = sep,
  year    = 2018,
  volume  = 508,
  pages   = {226--236},
  note    = {\url{https://doi.org/10.1016/j.jnucmat.2018.05.041}}
}

% MOOSE
@Article{Iasir_2018,
  author  = {A. Rafi M. Iasir and Nickie J. Peters and Karl D. Hammond},
  title   = {{Estimation of effective thermal conductivity in U-10Mo fuels with distributed xenon gas bubbles}},
  journal = {Journal of Nuclear Materials},
  month   = sep,
  year    = 2018,
  volume  = 508,
  pages   = {159--167},
  note    = {\url{https://doi.org/10.1016/j.jnucmat.2018.05.032}}
}

% MOOSE
% http://appliedmechanics.asmedigitalcollection.asme.org/article.aspx?articleid=2681017
% The DOI below was not working as of the last time I checked it.
% https://doi.org/10.1115/1.4040100
@Article{Mao_2018b,
  author  = {Yunwei Mao and Lallit Anand},
  title   = {Fracture of elastomeric materials by crosslink failure},
  journal = {Journal of Applied Mechanics},
  month   = jun,
  year    = 2018,
  volume  = 85,
  number  = 8,
  pages   = {081008 (14 pages)},
  note    = {Paper No: JAM-18-1056, \url{https://tinyurl.com/ybxwq6qe}}
}

@InProceedings{Povolotskyi_2018,
  author    = {Michael Povolotskyi and Ludmila Prokopeva and Alexander Kildishev},
  title     = {{Coupling electron transport with Maxwell equations for modelling optically tunable photonic elements}},
  booktitle = {{Proceedings of the 2018 International Applied Computational Electromagnetics Society Symposium (ACES)}},
  address   = {Denver, Colorado},
  pages     = {8364278 (2 pages)},
  publisher = {IEEE},
  month     = mar # {~25--29,},
  year      = 2018,
  note      = {\url{https://doi.org/10.23919/ROPACES.2018.8364278}}
}

@Article{Schappel_2018,
  author  = {D. Schappel and K. Terrani and J. J. Powers and L. L. Snead and B. D. Wirth},
  title   = {{Modeling the performance of TRISO-based fully ceramic matrix (FCM) fuel in an LWR environment using BISON}},
  journal = {Nuclear Engineering and Design},
  month   = aug,
  year    = 2018,
  volume  = 335,
  pages   = {116--127},
  note    = {\url{https://doi.org/10.1016/j.nucengdes.2018.05.018}}
}

% https://www.ices.utexas.edu/media/reports/2018/1811.pdf
@TechReport{Lima_2018,
  author      = {E. A. B. F. Lima and A. Ozkan and N. Ghousifam and J. T. Oden and A. Shahmoradi and M. N. Rylander and B. Wohlmuth and T. E. Yankeelov},
  title       = {{Calibration of multi-parameter models of avascular tumor growth using time resolved microscopy data}},
  institution = {Institute for Computational Engineering and Sciences (ICES), The University of Texas at Austin},
  day         = 17,
  month       = may,
  year        = 2018,
  number      = {18-11},
  note        = {\url{https://tinyurl.com/y98gqm5d}}
}

% http://congress.cimne.com/eccm_ecfd2018/admin/files/filePaper/p2014.pdf
% http://congress.cimne.com/eccm_ecfd2018/frontal/ProgTodo.asp
@InProceedings{Mortensen_2018,
  author    = {Peter Mortensen and Muhamad Hifzhudin Bin Noor Aziz and Hao Gao and Radostin D. Simitev},
  title     = {{Modelling and simulations of electrical propagation in transmural slabs of scarred left ventricular tissue}},
  booktitle = {{Proceedings of the 6th European Conference on Computational Mechanics (ECCM 6) and 7th European Conference on Computational Fluid Dynamics (ECFD 7)}},
  address   = {Glasgow, UK},
  pages     = {MS71C (13 pages)},
  month     = jun # {~11--15,},
  year      = 2018,
  note      = {\url{https://tinyurl.com/ybm5jppo}}
}

% MOOSE
% "We conducted the numerical analysis using the Multiphysics Object-Oriented Simulation Environment (MOOSE) ..."
@Article{Robertson_2018,
  author  = {Ian D. Robertson and Mostafa Yourdkhani and Polette J. Centellas and Jia En Aw and Douglas G. Ivanoff and Elyas Goli and Evan M. Lloyd and Leon M. Dean and Nancy R. Sottos and Philippe H. Geubelle and Jeffrey S. Moore and Scott R. White},
  title   = {Rapid energy-efficient manufacturing of polymers and composites via frontal polymerization},
  journal = {Nature},
  month   = may,
  year    = 2018,
  volume  = 557,
  pages   = {223--227},
  note    = {\url{https://doi.org/10.1038/s41586-018-0054-x}}
}

% https://www.researchgate.net/publication/324923371_Preliminary_Coupling_of_OpenMC_and_Nek5000_Within_the_MOOSE_Framework
@InProceedings{Novak_2018b,
  author    = {A. Novak and P. Romano and B. Wendt and R. Rahaman and E. Merzari and L. Kerby and C. Permann and R. C. Martineau and R. N. Slaybaugh},
  title     = {{Preliminary coupling of OpenMC and Nek5000 within the MOOSE framework}},
  booktitle = {{Physics of Reactors (PHYSOR)}},
  address   = {Cancun, Mexico},
  publisher = {American Nuclear Society},
  month     = apr # {~22--26,},
  year      = 2018,
  note      = {\url{https://tinyurl.com/yb2d9nub}}
}

@Article{Hu_2018,
  author  = {Yile Hu and Hailong Chen and Benjamin W. Spencer and Erdogan Madenci},
  title   = {{Thermomechanical peridynamic analysis with irregular non-uniform domain discretization}},
  journal = {Engineering Fracture Mechanics},
  month   = jun,
  year    = 2018,
  volume  = 197,
  pages   = {92--113},
  note    = {\url{https://doi.org/10.1016/j.engfracmech.2018.02.006}}
}

% Uses SAM, which is MOOSE-based
@InProceedings{GZhang_2018,
  author    = {Guanheng Zhang and Rui Hu},
  title     = {{Development of MSR transient safety analysis capability in SAM}},
  booktitle = {Transactions of the American Nuclear Society Annual Meeting (ANS 2018)},
  volume    = {118(1)},
  address   = {Philadelphia, Pennsylvania},
  month     = jun # {~17--21,},
  pages     = {1053--1056},
  year      = 2018,
  note      = {\url{http://www.ans.org/pubs/transactions/a_43833}}
}

% Uses Marmot
@InProceedings{Liang_2018,
  author    = {Linyun Liang and Zhi-Gang Mei and Yinbin Miao and Larry K. Aagesen and Abdellatif M. Yacout},
  title     = {{Simulated effective thermal conductivity of U$_3$Si$_2$ fuels with irradiated gas bubbles}},
  booktitle = {Transactions of the American Nuclear Society Annual Meeting (ANS 2018)},
  volume    = {118(1)},
  address   = {Philadelphia, Pennsylvania},
  month     = jun # {~17--21,},
  pages     = {1489--1492},
  year      = 2018,
  note      = {\url{http://www.ans.org/pubs/transactions/a_43963}}
}

% Warthog, which uses BISON.
@InProceedings{Dugan_2018,
  author    = {Kevin J. Dugan and Shane W. D. Hart},
  title     = {{Warthog: At the Intersection of MOOSE and SHARP}},
  booktitle = {Transactions of the American Nuclear Society Annual Meeting (ANS 2018)},
  volume    = {118(1)},
  address   = {Philadelphia, Pennsylvania},
  month     = jun # {~17--21,},
  pages     = {970--972},
  year      = 2018,
  note      = {\url{http://www.ans.org/pubs/transactions/a_43813}}
}

% Uses RELAP-7, Bison.
@InProceedings{Martineau_2018,
  author    = {Richard Martineau and David Andr{\v{s}} and Joshua Hansel and Cody Permann and Derek Gaston and Steve Novascone and Matthew Bernard and Russel Johns and Rui Hu and Elia Merzari and James Wolf and Hongbin Zhang and Ronaldo Szilard},
  title     = {{Extending the capability of nuclear plant systems analysis with advanced tightly-coupled nuclear fuels performance}},
  booktitle = {Transactions of the American Nuclear Society Annual Meeting (ANS 2018)},
  volume    = {118(1)},
  address   = {Philadelphia, Pennsylvania},
  month     = jun # {~17--21,},
  pages     = {1337--1339},
  year      = 2018,
  note      = {\url{http://www.ans.org/pubs/transactions/a_43911}}
}

% Uses Bison.
@InProceedings{Pastore_2018,
  author    = {Giovanni Pastore and Benjamin Spencer and Richard Williamson and Jason Hales},
  title     = {{BISON: A multidimensional fuel performance code}},
  booktitle = {Transactions of the American Nuclear Society Annual Meeting (ANS 2018)},
  volume    = {118(1)},
  address   = {Philadelphia, Pennsylvania},
  month     = jun # {~17--21,},
  pages     = {1335--1336},
  year      = 2018,
  note      = {\url{http://www.ans.org/pubs/transactions/a_43910}}
}

% Uses Bison.
@InProceedings{Casagranda_2018,
  author    = {A. Casagranda and B. W. Spencer and G. Pastore and S. R. Novascone and J. D. Hales and R. L. Williamson and R. C. Martineau},
  title     = {{Using BISON to design a PCMI validation experiment}},
  booktitle = {Transactions of the American Nuclear Society Annual Meeting (ANS 2018)},
  volume    = {118(1)},
  address   = {Philadelphia, Pennsylvania},
  month     = jun # {~17--21,},
  pages     = {1536--1537},
  year      = 2018,
  note      = {\url{http://www.ans.org/pubs/transactions/a_43978}}
}

% Uses Marmot
@InProceedings{Andersson_2018,
  author    = {David Andersson and Michael Cooper and Topher Matthews and Romain Perriot and Xiang-Yang Liu and Chris Stanek},
  title     = {Atomistic simulations of point defect behavior in nuclear fuels},
  booktitle = {Transactions of the American Nuclear Society Annual Meeting (ANS 2018)},
  volume    = {118(1)},
  address   = {Philadelphia, Pennsylvania},
  month     = jun # {~17--21,},
  pages     = {1328--1331},
  year      = 2018,
  note      = {\url{http://www.ans.org/pubs/transactions/a_43909}}
}

% Presents Bison results.
@InProceedings{Folsom_2018,
  author    = {C. Folsom and R. Williamson and G. Pastore and H. Ban},
  title     = {{Reactivity-initiated accident experimental benchmarks for the BISON fuel performance code}},
  booktitle = {Transactions of the American Nuclear Society Annual Meeting (ANS 2018)},
  volume    = {118(1)},
  address   = {Philadelphia, Pennsylvania},
  month     = jun # {~17--21,},
  pages     = {1533--1535},
  year      = 2018,
  note      = {\url{http://www.ans.org/pubs/transactions/a_43977}}
}

% Presents results with Bison and Dakota.
@InProceedings{Swiler_2018,
  author    = {Laura Swiler and Robert Lefebvre and Brandon Langley and Adam Thompson},
  title     = {{The NEAMS Workbench and Dakota: Providing an environment for uncertainty anlayses}},
  booktitle = {Transactions of the American Nuclear Society Annual Meeting (ANS 2018)},
  volume    = {118(1)},
  address   = {Philadelphia, Pennsylvania},
  month     = jun # {~17--21,},
  pages     = {975--978},
  year      = 2018,
  note      = {\url{http://www.ans.org/pubs/transactions/a_43814}}
}

@InProceedings{Lefebvre_2018,
  author    = {Robert A. Lefebvre and Cody J. Permann and Brandon R. Langley and Bradley T. Rearden and Richard C. Martineau},
  title     = {{MOOSE integration in the NEAMS Workbench}},
  booktitle = {Transactions of the American Nuclear Society Annual Meeting (ANS 2018)},
  volume    = {118(1)},
  address   = {Philadelphia, Pennsylvania},
  month     = jun # {~17--21,},
  pages     = {954--957},
  year      = 2018,
  note      = {\url{http://www.ans.org/pubs/transactions/a_43809}}
}

@InProceedings{Zou_2018,
  author    = {Ling Zou and John W. Peterson and April J. Novak and Richard C. Martineau and Hans D. Gougar},
  title     = {Stabilized finite element formulation for thermally-driven porous media flows in {Pronghorn}},
  booktitle = {Transactions of the American Nuclear Society Annual Meeting (ANS 2018)},
  volume    = {118(1)},
  address   = {Philadelphia, Pennsylvania},
  month     = jun # {~17--21,},
  pages     = {1181--1184},
  year      = 2018,
  note      = {\url{http://www.ans.org/pubs/transactions/a_43867}}
}

% https://www.researchgate.net/publication/324923269_Pronghorn_A_Porous_Media_Thermal-Hydraulics_Core_Simulator_and_its_Validation_with_the_SANA_Experiments
@InProceedings{Novak_2018,
  author    = {A. J. Novak and L. Zou and J. W. Peterson and R. C. Martineau and R. N. Slaybaugh},
  title     = {Pronghorn: A porous media thermal-hydraulics core simulator and its validation with the {SANA} experiments},
  booktitle = {Proceedings of the International Congress on Advances in Nuclear Power Plants (ICAPP 2018)},
  address   = {Charlotte, North Carolina},
  month     = apr # {~8--11,},
  year      = 2018,
  note      = {\url{https://tinyurl.com/yc2umoav}}
}

@Article{Goli_2018,
  author  = {Elyas Goli and Ian D. Robertson and Philippe H. Geubelle and Jeffrey S. Moore},
  title   = {{Frontal polymerization of dicyclopentadiene: A numerical study}},
  journal = {The Journal of Physical Chemistry B},
  year    = 2018,
  volume  = 122,
  number  = 16,
  pages   = {4583--4591},
  note    = {\url{https://doi.org/10.1021/acs.jpcb.7b12316}}
}

@Article{Chen_2018,
  author  = {Hailong Chen},
  title   = {{Bond-associated deformation gradients for peridynamic correspondence model}},
  journal = {Mechanics Research Communications},
  month   = jun,
  year    = 2018,
  volume  = 90,
  pages   = {34--41},
  note    = {\url{https://doi.org/10.1016/j.mechrescom.2018.04.004}}
}

@Article{Foroozan_2018,
  author  = {Tara Foroozan and Fernando A. Soto and Vitaliy Yurkiv and Soroosh Sharifi-Asl and Ramasubramonian Deivanayagam and Zhennan Huang and Ramin Rojaee and Farzad Mashayek and Perla B. Balbuena and Reza Shahbazian-Yassar},
  title   = {{Synergistic Effect of Graphene Oxide for Impeding the Dendritic Plating of Li}},
  journal = {Advanced Functional Materials},
  month   = apr,
  year    = 2018,
  volume  = 28,
  number  = 15,
  pages   = {1705917 (13 pages)},
  note    = {\url{https://doi.org/10.1002/adfm.201705917}}
}

@Article{Wang_2018,
  author  = {Hao Wang and Sudipta Biswas and Yousung Han and Vikas Tomar},
  title   = {{A phase field modeling based study of microstructure evolution and its influence on thermal conductivity in polycrystalline tungsten under irradiation}},
  journal = {Computational Materials Science},
  month   = jul,
  year    = 2018,
  volume  = 150,
  pages   = {169--179},
  note    = {\url{https://doi.org/10.1016/j.commatsci.2018.03.070}}
}

@Article{Kong_2018,
  author  = {Fande Kong and Yaqi Wang and Sebastian Schunert and John W. Peterson and Cody J. Permann and David Andr{\v{s}} and Richard C. Martineau},
  title   = {{A fully coupled two-level Schwarz preconditioner based on smoothed aggregation for the transient multigroup neutron diffusion equations}},
  journal = {Numerical Linear Algebra with Applications, Special Issue: 18th Copper Mountain Multigrid Conference on Multigrid Methods},
  month   = may,
  year    = 2018,
  volume  = 25,
  number  = 3,
  pages   = {e2162 (23 pages)},
  note    = {\url{https://doi.org/10.1002/nla.2162}}
}

@Article{Jokisaari_2018,
  author  = {A. M. Jokisaari and P. W. Voorhees and J. E. Guyer and J. A. Warren and O. G. Heinonen},
  title   = {{Phase field benchmark problems for dendritic growth and linear elasticity}},
  journal = {Computational Materials Science},
  month   = jun,
  year    = 2018,
  volume  = 149,
  pages   = {336--347},
  note    = {\url{https://doi.org/10.1016/j.commatsci.2018.03.015}}
}

@Article{Blakely_2018,
  author  = {Cole Blakely and Hongbin Zhang and Charlie Folsom and Heng Ban and Ronaldo Szilard},
  title   = {{Application of regression, variance, and density based global sensitivity methods to integrated VERA-CS and BISON simulations}},
  journal = {Nuclear Engineering and Design},
  month   = jun,
  year    = 2018,
  volume  = 332,
  pages   = {186--201},
  note    = {\url{https://doi.org/10.1016/j.nucengdes.2018.03.023}}
}

@Article{Jin_2018,
  author  = {Miaomiao Jin and Cody Permann and Michael P. Short},
  title   = {{Breaking the power law: Multiscale simulations of self-ion irradiated tungsten}},
  journal = {Journal of Nuclear Materials},
  month   = jun,
  year    = 2018,
  volume  = 504,
  pages   = {33--40},
  note    = {\url{https://doi.org/10.1016/j.jnucmat.2018.03.018}}
}

@Article{Rattez_2018,
  author  = {Hadrien Rattez and Ioannis Stefanou and Jean Sulem and Manolis Veveakis and Thomas Poulet},
  title   = {{The importance of thermo-hydro-mechanical couplings and microstructure to strain localization in 3D continua with application to seismic faults. Part II: Numerical implementation and post-bifurcation analysis}},
  journal = {Journal of the Mechanics and Physics of Solids},
  month   = jun,
  year    = 2018,
  volume  = 115,
  pages   = {1--29},
  note    = {\url{https://doi.org/10.1016/j.jmps.2018.03.003}}
}

@Article{Mao_2018,
  author  = {Yunwei Mao and Lallit Anand},
  title   = {A theory for fracture of polymeric gels},
  journal = {Journal of the Mechanics and Physics of Solids},
  month   = jun,
  year    = 2018,
  volume  = 115,
  pages   = {30--53},
  note    = {\url{https://doi.org/10.1016/j.jmps.2018.02.008}}
}

@Article{Bilgen_2018,
  author  = {Carola Bilgen and Alena Kopani{\v{c}}{\'{a}}kov{\'{a}} and Rolf Krause and Kerstin Weinberg},
  title   = {{A phase-field approach to conchoidal fracture}},
  journal = {Meccanica},
  month   = apr,
  year    = 2018,
  volume  = 53,
  number  = 6,
  pages   = {1203--1219},
  note    = {\url{https://doi.org/10.1007/s11012-017-0740-z}}
}

% Uses BISON.
@Article{Sevecek_2018,
  author  = {Martin {\v{S}}eve{\v{c}}ek and Anil Gurgen and Arunkumar Seshadri and Yifeng Che and Malik Wagih and Bren Phillips and Victor Champagne and Koroush Shirvan},
  title   = {{Development of Cr cold-spray coated fuel cladding with enhanced accident tolerance}},
  journal = {Nuclear Engineering and Technology},
  month   = mar,
  year    = 2018,
  volume  = 50,
  number  = 2,
  pages   = {229--236},
  note    = {\url{https://doi.org/10.1016/j.net.2017.12.011}}
}

@Article{Peterson_2018,
  author  = {John W. Peterson and Alexander D. Lindsay and Fande Kong},
  title   = {{Overview of the Incompressible Navier--Stokes simulation capabilities in the MOOSE Framework}},
  journal = {Advances in Engineering Software},
  month   = may,
  year    = 2018,
  volume  = 119,
  pages   = {68--92},
  note    = {\url{https://doi.org/10.1016/j.advengsoft.2018.02.004}, ArXiv e-print: \url{http://arxiv.org/abs/1710.08898}}
}

@Article{Tonks_2018,
  author  = {Michael R. Tonks and Amani Cheniour and Larry Aagesen},
  title   = {{How to apply the phase field method to model radiation damage}},
  journal = {Computational Materials Science},
  month   = may,
  year    = 2018,
  volume  = 147,
  pages   = {353--362},
  note    = {\url{https://doi.org/10.1016/j.commatsci.2018.02.007}}
}

@Article{Teague_2018,
  author  = {Melissa C. Teague and Theron Rodgers and Scott Grutzik and Stephen Meserole},
  title   = {Characterization and modeling of microstructural stresses in alumina},
  journal = {Journal of the American Ceramic Society},
  month   = may,
  year    = 2018,
  volume  = 101,
  number  = 5,
  pages   = {2155--2161},
  note    = {\url{https://doi.org/10.1111/jace.15369}}
}

@Article{Mercenier_2018,
  author  = {R{\'{e}}my Mercenier and Martin P. L{\"{u}}thi and Andreas Vieli},
  title   = {Calving relation for tidewater glaciers based on detailed stress field analysis},
  journal = {The Cryosphere},
  year    = 2018,
  volume  = 12,
  pages   = {721--739},
  note    = {\url{https://doi.org/10.5194/tc-12-721-2018}}
}

% Verified that this paper uses MOOSE.
@Article{Ruestes_2018,
  author  = {Carlos J. Ruestes and Daniel Schwen and Emmanuel N. Mill{\'{a}}n and Emiliano Aparicio and Eduardo M. Bringa},
  title   = {{Mechanical properties of Au foams under nanoindentation}},
  journal = {Computational Materials Science},
  month   = may,
  year    = 2018,
  volume  = 147,
  pages   = {154--167},
  note    = {\url{https://doi.org/10.1016/j.commatsci.2018.02.019}}
}

@Article{Yurkiv_2018,
  author  = {Vitaliy Yurkiv and Tara Foroozan and Ajaykrishna Ramasubramanian and Reza Shahbazian-Yassar and Farzad Mashayek},
  title   = {{Phase-field modeling of solid electrolyte interface (SEI) influence on Li dendritic behavior}},
  journal = {Electrochimica Acta},
  month   = mar,
  year    = 2018,
  volume  = 265,
  pages   = {609--619},
  note    = {\url{https://doi.org/10.1016/j.electacta.2018.01.212}}
}

@Article{Park_2018,
  author  = {Joonkyu Park and John Mangeri and Qingteng Zhang and M. Humed Yusuf and Anastasios Pateras and Matthew Dawber and Martin V. Holt and Olle G. Heinonen and Serge Nakhmanson and Paul G. Evans},
  title   = {{Domain alignment within ferroelectric/dielectric PbTiO$_3$/SrTiO$_3$ superlattice nanostructures}},
  journal = {Nanoscale},
  month   = feb,
  year    = 2018,
  volume  = 10,
  number  = 7,
  pages   = {3262--3271},
  note    = {\url{https://doi.org/10.1039/C7NR07203A}}
}

% https://pangea.stanford.edu/ERE/pdf/IGAstandard/SGW/2018/Von.pdf
@InProceedings{Planta_2018,
  author    = {Cyrill Planta and Daniel Vogler and Maria Nestola and Patrick Zulian and Rolf Krause},
  title     = {{Variational parallel information transfer between unstructured grids in geophysics--Applications and solutions methods}},
  booktitle = {{Proceedings of the 43rd Workshop on Geothermal Reservoir Engineering}},
  address   = {Stanford, California},
  month     = feb # {~12--14,},
  year      = 2018,
  note      = {Paper SGP-TR-213, \url{https://tinyurl.com/wxo3pbf}}
}

@Article{Biswas_2018,
  author  = {Sudipta Biswas and Daniel Schwen and Vikas Tomar},
  title   = {Implementation of a phase field model for simulating evolution of two powder particles representing microstructural changes during sintering},
  journal = {Journal of Materials Science},
  month   = apr,
  year    = 2018,
  volume  = 53,
  number  = 8,
  pages   = {5799--5825},
  note    = {\url{https://doi.org/10.1007/s10853-017-1846-3}}
}

@Article{Harter_2018,
  author  = {Jackson R. Harter and Laura {de Sousa Oliveira} and Agnieszka Truszkowska and Todd S. Palmer and P. Alex Greaney},
  title   = {Deterministic phonon transport predictions of thermal conductivity in uranium dioxide with xenon impurities},
  journal = {Journal of Heat Transfer},
  month   = may,
  year    = 2018,
  volume  = 140,
  number  = 5,
  pages   = {051301 (11 pages)},
  note    = {Paper No.\ HT-16-1523, \url{https://doi.org/10.1115/1.4038554}}
}

% Uses libmesh. https://github.com/MASTmultiphysics/mast-multiphysics
@InProceedings{Bhatia_2018,
  author    = {Manav Bhatia and Philip S. Beran},
  title     = {{MAST: An open-source computational framework for design of multiphysics systems}},
  booktitle = {{Proceedings of the AIAA/ASCE/AHS/ASC Structures, Structural Dynamics, and Materials Conference}},
  address   = {Kissimmee, Florida},
  pages     = {2018-1650 (20 pages)},
  month     = jan # {~8--12,},
  year      = 2018,
  note      = {\url{https://doi.org/10.2514/6.2018-1650}}
}

@Article{Lindsay_2018b,
  author  = {Alexander Lindsay and Gavin Ridley and Andrei Rykhlevskii and Kathryn Huff},
  title   = {{Introduction to Moltres: An application for simulation of molten salt reactors}},
  journal = {Annals of Nuclear Energy},
  month   = apr,
  year    = 2018,
  volume  = 114,
  pages   = {530--540},
  note    = {\url{https://doi.org/10.1016/j.anucene.2017.12.025}}
}

@Article{Lindsay_2018,
  author  = {Alexander Lindsay and Kathryn Huff},
  title   = {{Moltres: finite element based simulation of molten salt reactors}},
  journal = {The Journal of Open Source Software},
  month   = jan,
  year    = 2018,
  volume  = 3,
  number  = 21,
  pages   = {298 (2 pages)},
  note    = {\url{https://doi.org/10.21105/joss.00298}}
}

% MOOSE-based application called BEEs.
@Article{He_2018,
  author  = {Yanan He and Ping Chen and Yingwei Wu and G. H. Su and Wenxi Tian and Suizheng Qiu},
  title   = {{Preliminary evaluation of U$_3$Si$_2$-FeCrAl fuel performance in light water reactors through a multi-physics coupled way}},
  journal = {Nuclear Engineering and Design},
  month   = mar,
  year    = 2018,
  volume  = 328,
  pages   = {27--35},
  note    = {\url{https://doi.org/10.1016/j.nucengdes.2017.12.019}}
}

% Uses the MOOSE-based "danphe" application.
@Article{HMa_2018,
  author  = {Haitao Ma and Haoran Ma and Anil Kunwar and Shengyan Shang and Yunpeng Wang and Jun Chen and Mingliang Huang and Ning Zhao},
  title   = {{Effect of initial Cu concentration on the IMC size and grain aspect ratio in Sn--xCu solders during multiple reflows}},
  journal = {Journal of Materials Science: Materials in Electronics},
  month   = jan,
  year    = 2018,
  volume  = 29,
  number  = 1,
  pages   = {602--613},
  note    = {\url{https://doi.org/10.1007/s10854-017-7952-9}}
}

@Article{Sweet_2018,
  author  = {R. T. Sweet and N. M. George and G. I. Maldonado and K. A. Terrani and B. D. Wirth},
  title   = {{Fuel performance simulation of iron-chrome-aluminum (FeCrAl) cladding during steady-state LWR operation}},
  journal = {Nuclear Engineering and Design},
  month   = mar,
  year    = 2018,
  volume  = 328,
  pages   = {10--26},
  note    = {\url{https://doi.org/10.1016/j.nucengdes.2017.11.043}}
}

@Article{Stimpson_2018,
  author  = {Shane Stimpson and Jeffrey Powers and Kevin Clarno and Roger Pawlowski and Russell Gardner and Stephen Novascone and Kyle Gamble and Richard Williamson},
  title   = {{Pellet-clad mechanical interaction screening using VERA applied to Watts Bar Unit 1, Cycles 1--3}},
  journal = {Nuclear Engineering and Design},
  month   = feb,
  year    = 2018,
  volume  = 327,
  pages   = {172--186},
  note    = {\url{https://doi.org/10.1016/j.nucengdes.2017.12.015}}
}

@Article{Li_2018,
  author  = {Harriet Li and Vikram V. Garg and Karen Willcox},
  title   = {{Model adaptivity for goal-oriented inference using adjoints}},
  journal = {Computer Methods in Applied Mechanics and Engineering},
  month   = apr,
  year    = 2018,
  volume  = 331,
  pages   = {1--22},
  note    = {\url{https://doi.org/10.1016/j.cma.2017.11.018}}
}

@Article{Castorrini_2018,
  author  = {Alessio Castorrini and Alessandro Corsini and Anthony G. Sheard and Franco Rispoli},
  title   = {{Numerical testing of a trailing edge passive morphing control for large axial fan blades}},
  journal = {Journal of Engineering for Gas Turbines and Power},
  month   = mar,
  year    = 2018,
  volume  = 140,
  number  = 3,
  pages   = {032606 (8 pages)},
  note    = {\url{https://doi.org/10.1115/1.4037921}}
}

@Article{Miao_2018,
  author  = {Yinbin Miao and Kyle A. Gamble and David Andersson and Zhi-Gang Mei and Abdellatif M. Yacout},
  title   = {{Rate theory scenarios study on fission gas behavior of U$_3$Si$_2$ under LOCA conditions in LWRs}},
  journal = {Nuclear Engineering and Design},
  month   = jan,
  year    = 2018,
  volume  = 326,
  pages   = {371--382},
  note    = {\url{https://doi.org/10.1016/j.nucengdes.2017.11.034}}
}

% Uses rbOOmit and libmesh.
@Article{Lee_2018,
  author  = {Kyunghoon Lee},
  title   = {{Structural response predictions compared to material property estimates for structural integrity assessment under operational uncertainty}},
  journal = {Computers \& Structures},
  month   = feb,
  year    = 2018,
  volume  = 196,
  pages   = {49--62},
  note    = {\url{https://doi.org/10.1016/j.compstruc.2017.10.012}}
}

@Article{Singh_2018b,
  author  = {G. Singh and R. Sweet and N. R. Brown and B. D. Wirth and Y. Katoh and K. Terrani},
  title   = {{Parametric evaluation of SiC/SiC composite cladding with UO$_2$ fuel for LWR applications: Fuel rod interactions and impact of nonuniform power profile in fuel rod}},
  journal = {Journal of Nuclear Materials},
  month   = feb,
  year    = 2018,
  volume  = 499,
  pages   = {155--167},
  note    = {\url{https://doi.org/10.1016/j.jnucmat.2017.10.059}}
}

@Article{Singh_2018,
  author  = {Gyanender Singh and Kurt Terrani and Yutai Katoh},
  title   = {{Thermo-mechanical assessment of full SiC/SiC composite cladding for LWR applications with sensitivity analysis}},
  journal = {Journal of Nuclear Materials},
  month   = feb,
  year    = 2018,
  volume  = 499,
  pages   = {126--143},
  note    = {\url{https://doi.org/10.1016/j.jnucmat.2017.11.004}}
}

@Article{Lu_2018,
  author  = {Shyi-Min Lu},
  title   = {{A global review of enhanced geothermal system (EGS)}},
  journal = {Renewable and Sustainable Energy Reviews},
  month   = jan,
  year    = 2018,
  volume  = {81, Part 2},
  pages   = {2902--2921},
  note    = {\url{https://doi.org/10.1016/j.rser.2017.06.097}}
}

@Article{Ballani_2018,
  author  = {J. Ballani and D. B. P. Huynh and D. J. Knezevic and L. Nguyen and A. T. Patera},
  title   = {{A component-based hybrid reduced basis/finite element method for solid mechanics with local nonlinearities}},
  journal = {Computer Methods in Applied Mechanics and Engineering},
  month   = feb,
  year    = 2018,
  volume  = 329,
  pages   = {498--531},
  note    = {\url{https://doi.org/10.1016/j.cma.2017.09.014}}
}

@Article{Senecal_2018,
  author  = {Jaron P. Senecal and Wei Ji},
  title   = {{Development of an efficient tightly coupled method for multiphysics reactor transient analysis}},
  journal = {Progress in Nuclear Energy},
  month   = mar,
  year    = 2018,
  volume  = 103,
  pages   = {33--44},
  note    = {\url{https://doi.org/10.1016/j.pnucene.2017.10.012}}
}

@Article{Ortensi_2018,
  author  = {Javier Ortensi and Yaqi Wang and Alexandre Laurier and Sebastian Schunert and Alain H{\'{e}}bert and Mark DeHart},
  title   = {{A Newton solution for the Superhomogenization method: The PJFNK--SPH}},
  journal = {Annals of Nuclear Energy},
  month   = jan,
  year    = 2018,
  volume  = 111,
  pages   = {579--594},
  note    = {\url{https://doi.org/10.1016/j.anucene.2017.09.027}}
}

% Conference in 2017, Proceedings published in 2018.
@InProceedings{Spencer_2018,
  author    = {Benjamin W. Spencer and Hai Huang},
  title     = {{Coupled physics simulation of expansive reactions in concrete with the Grizzly code}},
  booktitle = {{Proceedings of the 18th International Conference on Environmental Degradation of Materials in Nuclear Power Systems -- Water Reactors: Volume 2}},
  address   = {Aug.~13--17, 2017, Portland, Oregon},
  editor    = {J. H. Jackson and D. Paraventi and M. Wright},
  pages     = {131--141},
  year      = 2018,
  note      = {\url{https://doi.org/10.1007/978-3-319-68454-3_12}}
}

@Article{Wu_2018,
  author  = {Xu Wu and Tomasz Kozlowski and Hadi Meidani},
  title   = {{Kriging-based inverse uncertainty quantification of nuclear fuel performance code BISON fission gas release model using time series measurement data}},
  journal = {Reliability Engineering \& System Safety},
  month   = jan,
  year    = 2018,
  volume  = 169,
  pages   = {422--436},
  note    = {\url{https://doi.org/10.1016/j.ress.2017.09.029}}
}

@Article{Camata_2018,
  author  = {Jos{\'{e}} J. Camata and V{\'{i}}tor Silva and Patrick Valduriez and Marta Mattoso and Alvaro L. G. A. Coutinho},
  title   = {{In situ visualization and data analysis for turbidity currents simulation}},
  journal = {Computers \& Geosciences},
  month   = jan,
  year    = 2018,
  volume  = 110,
  pages   = {23--31},
  note    = {\url{https://doi.org/10.1016/j.cageo.2017.09.013}}
}
