% http://dspace.mit.edu/handle/1721.1/66018
@phdthesis{Lee_dissertation,
  author = {Ka Yan Karen Lee},
  school = {Massachusetts Institute of Technology},
  title  = {{Understanding new regimes for light-matter interactions}},
  note   = {\url{http://tinyurl.com/y7nasklz}},
  month  = jun,
  year   = 2011
}

% http://fmysql.tu-graz.ac.at/~karl/verlagspdf/nagler_buch_13052011.pdf
@phdthesis{Nagler_dissertation,
  author = {Loris Nagler},
  school = {Graz University of Technology, Institute of Applied Mechanics},
  title  = {{Simulation of sound transmission through poroelastic plate-like structures}},
  note   = {\url{http://tinyurl.com/jdbebbx}},
  month  = feb,
  year   = 2011
}

@phdthesis{Brown_thesis,
  author = {Jedediah Aspen Kallen-Brown},
  school = {ETH-Z{\"{u}}rich},
  title  = {{Computational methods for ice flow simulation}},
  note   = {\url{https://doi.org/10.3929/ethz-a-007316245}},
  year   = 2011
}

% http://repositories.lib.utexas.edu/handle/2152/ETD-UT-2011-05-3395
@phdthesis{HawkinsDaarud_thesis,
  author = {Andrea Jeanine Hawkins-Daarud},
  school = {Institute for Computational Engineering and Sciences (ICES), The University of Texas at Austin},
  title  = {{Toward a predictive model of tumor growth}},
  note   = {\url{http://tinyurl.com/hkgagyv}},
  month  = may,
  year   = 2011
}

% http://objdig.ufrj.br/60/teses/coppe_d/JoseJeronimoCamata.pdf
@phdthesis{Camata_2011,
  author = {Jos{\'{e}} Jer{\^{o}}nimo Camata},
  school = {COPPE Universidade Federal do Rio de Janeiro},
  title  = {{Estrat{\'{e}}gias computacionais de alto desempenho aplicadas ao m{\'{e}}todo dos elementos finitos}},
  note   = {\url{http://tinyurl.com/zdrfkqo}},
  month  = may,
  year   = 2011
}

% I cannot find this thesis online any longer.
% https://www.linkedin.com/in/adelapuscas
@MastersThesis{Puscas_2011,
  author = {Maria Adela Puscas},
  school = {Ing{\'{e}}nieurs sup Galil{\'{e}}e--Universit{\'{e}} Paris Nord, Institut de Radioprotection et de S\^{u}ret{\'{e}} Nucl{\'{e}}aire},
  title  = {{Simulation d'{\'{e}}coulements multiphasiques en milieu poreux avec r{\'{e}}solution par la m{\'{e}}thode Galerkin discontinue (Multiphase flow simulations in porous media with resolution for the discontinuous Galerkin method)}},
  month  = sep # {~24,},
  year   = 2011
}

% https://inis.iaea.org/search/search.aspx?orig_q=RN:44084582
@InProceedings{Sato_2011,
  author    = {Hiroyuki Sato and HyeongKae Park and Dana A. Knoll},
  title     = {Tightly coupled multiphysics simulations for prismatic reactors},
  booktitle = {{Proceedings of the 19th International Conference on Nuclear Engineering (ICONE19)}},
  address   = {Osaka, Japan},
  month     = oct # {~24--25,},
  year      = 2011,
  note      = {Paper no. ICONE19-43264, {\url{https://tinyurl.com/yd3zv4zc}}}
}

@Article{Knoll_2011,
  author  = {D. A. Knoll and H. Park and C. Newman},
  title   = {{Acceleration of $k$-eigenvalue/criticality calculations using the Jacobian-free Newton-Krylov method}},
  journal = {Nuclear Science and Engineering},
  year    = 2011,
  volume  = 167,
  number  = 2,
  pages   = {133--140},
  note    = {\url{https://doi.org/10.13182/NSE09-89}}
}

% http://ricamwww.ricam.oeaw.ac.at/specsem/specsem2011/workshop1/program/slides/slides_specsem2011_ws1_bourgeat.pdf
@InProceedings{Bourgeat_2011,
  author    = {Alain Bourgeat},
  title     = {Modeling compressible multiphase flow and transport in sat\-urated/un\-saturated porous media: phase appear\-ance/dis\-appear\-ance},
  booktitle = {{Special Semester on Multiscale Simulation \& Analysis in Energy and the Environment}},
  address   = {Linz, Austria},
  publisher = {Johann Radon Institute for Computational and Applied Mathematics (RICAM)},
  month     = oct # {~3--} # dec # {~16,},
  year      = 2011,
  note      = {\url{http://tinyurl.com/pezom3n}}
}

@InProceedings{Kirk_2011,
  author    = {Benjamin S. Kirk and Steven W. Bova and Ryan B. Bond},
  title     = {{A streamline-upwind Petrov--Galerkin finite element scheme for non-ionized hypersonic flows in thermochemical nonequilibrium}},
  booktitle = {{49th AIAA Aerospace Sciences Meeting Including the New Horizons Forum and Aerospace Exposition}},
  address   = {Orlando, Florida},
  month     = jan # {~4--7,},
  year      = 2011,
  note      = {\url{https://doi.org/10.2514/6.2011-134}}
}

@InProceedings{Amar_2011,
  author    = {Adam J. Amar and Nathan D. Calvert and Benjamin S. Kirk},
  title     = {Development and verification of the charring ablating thermal protection implicit system solver},
  booktitle = {{49th AIAA Aerospace Sciences Meeting Including the New Horizons Forum and Aerospace Exposition}},
  address   = {Orlando, Florida},
  month     = jan # {~4--7,},
  year      = 2011,
  note      = {\url{https://doi.org/10.2514/6.2011-144}}
}

@InCollection{Montagnier_2011,
  author    = {J. Montagnier and M. Buffat and D. Guibert},
  title     = {Parallel computation of pollutant dispersion in industrial sites},
  pages     = {399--406},
  year      = 2011,
  publisher = {Springer Berlin Heidelberg},
  booktitle = {Parallel Computational Fluid Dynamics 2008},
  volume    = 74,
  series    = {Lecture Notes in Computational Science and Engineering},
  editor    = {D. Tromeur-Dervout and G. Brenner and D. R. Emerson and J. Erhel},
  note      = {\url{https://doi.org/10.1007/978-3-642-14438-7_42}}
}

@InProceedings{Bauman_2011,
  author    = {Paul T. Bauman and Jeremy Jagodzinski and Benjamin S. Kirk},
  title     = {Statistical calibration of thermocouple gauges used for inferring heat flux},
  booktitle = {{42nd AIAA Thermophysics Conference, Fluid Dynamics and Co-located Conferences}},
  address   = {Honolulu, Hawaii},
  month     = jun # {~27--30,},
  year      = 2011,
  note      = {\url{https://doi.org/10.2514/6.2011-3779}}
}

% http://hal.inria.fr/docs/00/62/38/15/PDF/MFCA11_1_1.pdf
@InProceedings{Gunther_2011b,
  author    = {Andreas G{\"{u}}nther and Hans Lamecker and Martin Weiser},
  title     = {{Direct LDDMM of discrete currents with adaptive finite elements}},
  booktitle = {{Proceedings of the Third International Workshop on Mathematical Foundations of Computational Anatomy -- Geometrical and Statistical Methods for Modelling Biological Shape Variability}},
  address   = {Toronto, Ontario, Canada},
  editor    = {X. Pennec and S. Joshi and M. Nielsen},
  pages     = {1--14},
  month     = sep,
  year      = 2011,
  note      = {\url{http://tinyurl.com/y767nsm2}}
}

% Web page for the proceedings is here:
% http://world-comp.org/p2011/PDP.htm
% http://world-comp.org/p2011/PDP4432.pdf
@InProceedings{Sopeju_2011,
  author    = {Olalekan A. Sopeju and Martin Burtscher and Ashay Rane and James Browne},
  title     = {{AutoSCOPE: Automatic suggestions for code optimizations using PerfExpert}},
  booktitle = {{Proceedings of the 2011 International Conference on Parallel and Distributed Processing Techniques and Applications (PDPTA'11)}},
  editor    = {H. R. Arabnia},
  month     = jul # {~18--21,},
  address   = {Las Vegas, Nevada},
  year      = 2011,
  note      = {\url{http://tinyurl.com/y9y2ngft}}
}

@Article{Grote_2011,
  author  = {M. J. Grote and J. Huber and O. Schenk},
  title   = {Interior point methods for the inverse medium problem on massively parallel architectures},
  journal = {Procedia Computer Science},
  year    = 2011,
  volume  = 4,
  pages   = {1466--1474},
  note    = {Proceedings of the International Conference on Computational Science (ICCS 2011), \url{https://doi.org/10.1016/j.procs.2011.04.159}}
}

@InProceedings{Bova_2011,
  author    = {Steven W. Bova and Benjamin S. Kirk},
  title     = {{On the preservation of total enthalpy in SUPG methods}},
  booktitle = {{20th AIAA Computational Fluid Dynamics Conference}},
  address   = {Honolulu, Hawaii},
  month     = jun # {~27--30,},
  year      = 2011,
  note      = {\url{https://doi.org/10.2514/6.2011-3841}, Paper AIAA-2011-3841}
}

% https://pdfs.semanticscholar.org/e6e2/7e5c74d5c3660a514fd7c7ccf01700c1eac5.pdf
% https://www.osti.gov/biblio/1031706-multiphase-flow-modeling-biofuel-production-processes
% https://www.osti.gov/servlets/purl/1031706
@TechReport{Guillen_2011,
  author      = {D. P. Guillen and D. Gaston and J. Tester},
  title       = {Multiphase flow modeling of biofuel production processes},
  institution = {Idaho National Laboratory},
  month       = jun,
  year        = 2011,
  number      = {INL/CON-11-21680},
  note        = {\url{https://tinyurl.com/yaqt2dqm}}
}

@Article{Knezevic_2011b,
  author  = {David J. Knezevic and Ngoc-Cuong Nguyen and Anthony T. Patera},
  title   = {{Reduced basis approximation and a posteriori error estimation for the parametrized unsteady Boussinesq equations}},
  journal = {Mathematical Models and Methods in Applied Sciences},
  year    = 2011,
  volume  = 21,
  number  = 7,
  pages   = {1415--1442},
  note    = {\url{https://doi.org/10.1142/S0218202511005441}}
}

@Article{Kroger_2011,
  author  = {Tim Kr{\"{o}}ger},
  editor  = {Ilias Kotsireas and Roderick Melnik and Brian West},
  title   = {{Numerical experiments on existence and non-uniqueness of solutions of the thermistor problem with Helmholtz term}},
  year    = 2011,
  journal = {AIP Conference Proceedings},
  volume  = 1368,
  number  = 1,
  pages   = {37--40},
  note    = {\url{https://doi.org/10.1063/1.3663454}}
}

@Article{Eftang_2011,
  author  = {Jens L. Eftang and David J. Knezevic and Anthony T. Patera},
  title   = {{An $hp$ certified reduced basis method for parameterized parabolic partial differential equations}},
  journal = {Mathematical and Computer Modelling of Dynamical Systems, Special Issue: Model order reduction of parameterized problems},
  volume  = 17,
  number  = 4,
  pages   = {395--422},
  year    = 2011,
  note    = {\url{https://doi.org/10.1080/13873954.2011.547670}}
}

@Article{Steiger_2011,
  author  = {Sebastian Steiger and Michael Povolotskyi and Hong-Hyun Park and Tillman Kubis and Gerhard Klimeck},
  title   = {{NEMO5: A parallel multiscale nanoelectronics modeling tool}},
  journal = {IEEE Transactions on Nanotechnology},
  year    = 2011,
  volume  = 10,
  number  = 6,
  pages   = {1464--1474},
  note    = {\url{https://doi.org/10.1109/TNANO.2011.2166164}}
}

@Article{Bordas_2011,
  author  = {R. Bordas and K. Gillow and Q. Lou and I. R. Efimov and D. Gavaghan and P. Kohl and V. Grau and B. Rodriguez},
  title   = {Rabbit-specific ventricular model of cardiac electrophysiological function including specialized conduction system},
  journal = {Progress in Biophysics and Molecular Biology},
  year    = 2011,
  volume  = 107,
  number  = 1,
  month   = oct,
  pages   = {90--100},
  note    = {\url{https://doi.org/10.1016/j.pbiomolbio.2011.05.002}}
}

% Confirmed they do use Libmesh!
@Article{Berrone_2011,
  author  = {S. Berrone and M. Verani},
  title   = {A new marking strategy for the adaptive finite element approximation of optimal control constrained problems},
  journal = {Optimization Methods and Software, Special Issue: Advances in Shape and Topology Optimization: Theory, Numerics and New Application Areas},
  year    = 2011,
  month   = {August--October},
  volume  = 26,
  number  = {4--5},
  pages   = {747--775},
  note    = {\url{https://doi.org/10.1080/10556788.2010.491866}}
}

% Does not seem to exist online anywhere.
@InProceedings{Corsini_2011b,
  author    = {A. Corsini and F. Rispoli and E. Tuccimei},
  title     = {{Development of air turbines for small power OWC plants}},
  booktitle = {{Proceedings of the 9th European Wave and Tidal Energy Conference (EWTEC)}},
  address   = {Southampton, United Kingdom},
  month     = sep # {~5--9,},
  year      = 2011
}

% You can also find the article here:
% http://ieeexplore.ieee.org/xpl/freeabs_all.jsp?arnumber=6015467&abstractAccess=no&userType=inst
@InProceedings{Vazquez_2011,
  author    = {P. A. V{\'{a}}zquez and A. Castellanos},
  booktitle = {{2011 IEEE International Conference on Dielectric Liquids (ICDL)}},
  address   = {Trondheim, Norway},
  title     = {{Stability analysis of the 3D electroconvective charged flow between parallel plates using the particle-in-cell method}},
  year      = 2011,
  month     = jun # {~26--30,},
  pages     = {1--4},
  note      = {\url{https://doi.org/10.1109/ICDL.2011.6015467}}
}

@Article{Vavourakis_2011,
  author  = {V. Vavourakis and Y. Papaharilaou and J. A. Ekaterinaris},
  title   = {Coupled fluid-structure interaction hemodynamics in a zero-pressure state corrected arterial geometry},
  journal = {Journal of Biomechanics},
  volume  = 44,
  number  = 13,
  month   = sep,
  pages   = {2453--2460},
  year    = 2011,
  note    = {\url{https://doi.org/10.1016/j.jbiomech.2011.06.024}}
}

% http://homepages.ulb.ac.be/~labo/ISB2011/ISB2011_ScientificProgram_files/290.pdf
@InProceedings{Widmer_2011b,
  author    = {Ren{\'{e}} P. Widmer and Stephen J. Ferguson},
  title     = {A comparison of computational methods to determine the permeability of vertebral trabecular bone},
  booktitle = {{Proceedings of the 23rd Congress of the International Society of Biomechanics (ISB)}},
  address   = {Brussels, Belgium},
  month     = jul # {~3--7,},
  year      = 2011,
  note      = {\url{http://tinyurl.com/gw83ldq}}
}

@Article{Fuentes_2011,
  author  = {D. Fuentes and C. Walker and A. Elliott and A. Shetty and J. D. Hazle and R. J. Stafford},
  title   = {Magnetic resonance temperature imaging validation of a bioheat transfer model for laser-induced thermal therapy},
  journal = {International Journal of Hyperthermia},
  year    = 2011,
  volume  = 27,
  number  = 5,
  pages   = {453--464},
  note    = {\url{https://doi.org/10.3109/02656736.2011.557028}}
}

% http://opus4.kobv.de/opus4-zib/files/1309/ZIB-Report11-22_GLW-LDDMMwithAFEM.pdf
@TechReport{Gunther_2011,
  author      = {Andreas G{\"{u}}nther and Hans Lamecker and Martin Weiser},
  title       = {{Direct LDDMM of discrete currents with adaptive finite elements}},
  institution = {Konrad--Zuse--Zentrum f{\"{u}}r Informationstechnik Berlin (ZIB)},
  day         = 14,
  month       = jun,
  year        = 2011,
  number      = {11-22 (2011)},
  note        = {\url{http://tinyurl.com/hszeuvd}}
}

% All results are from Matlab code, but I think some of Varis' estimators
% are in libmesh and they do cite us so...
@Article {Carey_2011,
  author  = {Varis Carey and Graham F. Carey},
  title   = {Flexible patch post-processing recovery strategies for solution enhancement and adaptive mesh refinement},
  journal = {International Journal for Numerical Methods in Engineering},
  volume  = 87,
  number  = {1--5},
  pages   = {424--436},
  month   = jul,
  note    = {\url{https://doi.org/10.1002/nme.3146}},
  year    = 2011
}

@Article{Arbree_2011,
  author  = {Adam Arbree and Bruce Walter and Kavita Bala},
  title   = {Heterogeneous subsurface scattering using the finite element method},
  journal = {IEEE Transactions on Visualization and Computer Graphics},
  year    = 2011,
  month   = jul,
  volume  = 17,
  number  = 7,
  pages   = {956--969},
  note    = {\url{https://doi.org/10.1109/TVCG.2010.117}}
}

@Article{Feng_2011,
  author  = {Yusheng Feng and David Fuentes},
  title   = {Real-time predictive surgical control for cancer treatment using laser ablation},
  journal = {IEEE Signal Processing Magazine},
  year    = 2011,
  volume  = 28,
  number  = 3,
  month   = may,
  pages   = {134--138},
  note    = {\url{https://doi.org/10.1109/MSP.2011.940419}}
}

@Article{widmer_2011,
  author  = {Ren{\'{e}} P. Widmer and Stephen J. Ferguson},
  title   = {A mixed boundary representation to simulate the displacement of a biofluid by a biomaterial in porous media},
  year    = 2011,
  journal = {Journal of Biomechanical Engineering},
  volume  = 133,
  number  = 5,
  pages   = {051007 (12 pages)},
  note    = {\url{https://doi.org/10.1115/1.4003735}}
}

@Article{Peterson_2010b,
  author  = {J. W. Peterson and G. F. Carey},
  title   = {{Parallel adaptive solution of coupled Rayleigh--B{\'{e}}nard--Marangoni problems with Navier-slip}},
  journal = {International Journal for Numerical Methods in Fluids},
  volume  = 66,
  number  = 4,
  pages   = {428--451},
  month   = jun,
  year    = 2011,
  note    = {\url{https://doi.org/10.1002/fld.2264}}
}

@Article{AufDerMaur_2011,
  author  = {Matthias {Auf der Maur} and Gabriele Penazzi and Giuseppe Romano and Fabio Sacconi and Alessandro Pecchia and Aldo {Di Carlo}},
  journal = {IEEE Transactions on Electron Devices},
  title   = {The multiscale paradigm in electronic device simulation},
  year    = 2011,
  month   = may,
  volume  = 58,
  number  = 5,
  pages   = {1425--1432},
  note    = {\url{https://doi.org/10.1109/TED.2011.2114666}}
}

@Article{Huynh_2010,
  author  = {D. B. P. Huynh and D. J. Knezevic and J. W. Peterson and A. T. Patera},
  title   = {High-fidelity real-time simulation on deployed platforms},
  journal = {Computers \& Fluids},
  year    = 2011,
  month   = apr,
  volume  = 43,
  number  = 1,
  pages   = {74--81},
  note    = {Special issue dedicated to Prof. Michel Deville, Symposium on High Accuracy Flow Simulations (HAFS), {\'{E}}cole Polytechnique F{\'{e}}d{\'{e}}rale de Lausanne, February 15--16, 2010, DOI:~\url{https://doi.org/10.1016/j.compfluid.2010.07.007}}
}

@Article{Corsini_2011,
  author  = {A. Corsini and F. Rispoli and T. E. Tezduyar},
  title   = {{Stabilized finite element computation of NO$_x$ emission in aero-engine combustors}},
  journal = {International Journal for Numerical Methods in Fluids},
  year    = 2011,
  volume  = 65,
  number  = {1--3},
  pages   = {254--270},
  month   = jan,
  note    = {\url{https://doi.org/10.1002/fld.2451}}
}

@Article{Knezevic_2011,
  author  = {David J. Knezevic and John W. Peterson},
  title   = {A high-performance parallel implementation of the certified reduced basis method},
  journal = {Computer Methods in Applied Mechanics and Engineering},
  year    = 2011,
  pages   = {1455--1466},
  volume  = 200,
  number  = {13--16},
  month   = mar,
  note    = {\url{https://doi.org/10.1016/j.cma.2010.12.026}}
}

@Article{Botti_2011,
  author  = {Lorenzo Botti and Daniele A. {Di Pietro}},
  title   = {A pressure-correction scheme for convection-dominated incompressible flows with discontinuous velocity and continuous pressure},
  journal = {Journal of Computational Physics},
  year    = 2011,
  volume  = 230,
  number  = 3,
  month   = feb,
  pages   = {572--585},
  note    = {\url{https://doi.org/10.1016/j.jcp.2010.10.004}}
}

@Comment LocalWords:  Bordas Gillow Gavaghan Grau electrophysiological oct OWC
@Comment LocalWords:  Berrone Verani Numerics InProceedings Petrov nd
@Comment LocalWords:  Corsini Rispoli Tuccimei booktitle th Galerkin
@Comment LocalWords:  EWTEC sep Castellanos IEEE ICDL Widmer AIAA Las
@Comment LocalWords:  electroconvective Vavourakis trabecular Amar
@Comment LocalWords:  Papaharilaou hemodynamics Biomechanics Buffat
@Comment LocalWords:  ISB jul Shetty bioheat Hyperthermia ZIB Guibert
@Comment LocalWords:  TechReport Brummelen Prudhomme CASA apr Tromeur
@Comment LocalWords:  Eindhoven nther Lamecker Weiser LDDMM Springer
@Comment LocalWords:  Zuse Zentrum Informationstechnik Arbree Dervout
@Comment LocalWords:  Bala Feng widmer Biofluid Biomaterial Erhel INL
@Comment LocalWords:  Biomechanical numpages Schenk chter Auf Bauman
@Comment LocalWords:  nard Marangoni Navier AufDerMaur der de Pennec
@Comment LocalWords:  Maur Penazzi Sacconi Pecchia Multiscale Joshi
@Comment LocalWords:  Huynh Deville HAFS cole Polytechnique Modelling
@Comment LocalWords:  rale Lausanne DOI Incollection Hilscher Sopeju
@Comment LocalWords:  Imadera Kishimoto Gokasho Uji Multi Yao Rane
@Comment LocalWords:  Gyrokinetic Tokamaks Takeshi NOx aero Burtscher
@Comment LocalWords:  combustors jan Knezevic Comput Meth feb PDPTA
@Comment LocalWords:  Appl Mech Botti hypersonic thermochemical Grote
@Comment LocalWords:  nonequilibrium InCollection
@Comment LocalWords:  Montagnier Jagodzinski ICCS
@Comment LocalWords:  thermocouple Thermophysics
@Comment LocalWords:  AutoSCOPE optimizations Bova
@Comment LocalWords:  PerfExpert Procedia enthalpy
@Comment LocalWords:  SUPG Guillen Gaston biofuel
@Comment LocalWords:  Multiphase posteriori ger AIP
@Comment LocalWords:  parametrized Boussinesq Ilias
@Comment LocalWords:  Kotsireas Melnik thermistor
@Comment LocalWords:  parameterized ots
@Comment LocalWords:  Eftang Gerner Veroy nov AICES
@Comment LocalWords:  Steiger Povolotskyi Kubis
@Comment LocalWords:  Klimeck NEMO multiscale Garg
@Comment LocalWords:  nanoelectronics Adjoint
@Comment LocalWords:  electroosmotic Centre Pietro
@Comment LocalWords:  incompressible
