% "the home-made parallel numerical framework developed uses as basis the library libMesh..."
@phdthesis{Gimenez_Thesis,
  author = {Juan M. Gimenez},
  school = {Universidad Nacional del Litoral},
  title  = {{Enlarging time-steps for solving one and two phase flows using the Particle Finite Element Method}},
  note   = {\url{https://doi.org/10.13140/RG.2.2.20949.78566}},
  month  = nov,
  year   = 2015
}

@mastersthesis{Harter_masters,
  author = {Jackson R. Harter},
  school = {Oregon State University},
  title  = {{Predicting thermal conductivity in nuclear fuels using Rattlesnake-based deterministic phonon transport simulations}},
  note   = {\url{http://hdl.handle.net/1957/58143}},
  month  = oct,
  year   = 2015
}

% https://dukespace.lib.duke.edu/dspace/bitstream/handle/10161/11316/Zhang_duke_0066D_13148.pdf?sequence=1
% http://search.proquest.com/openview/8b233a320173925e284462ff84a2e2e3/1?pq-origsite=gscholar&cbl=18750&diss=y
% http://dukespace.lib.duke.edu/dspace/handle/10161/11316
@phdthesis{Zhang_Thesis,
  author = {Ziyu Zhang},
  school = {Duke University},
  title  = {{Finite element methods for interface problems with mesh adaptivity}},
  note   = {\url{http://tinyurl.com/z52to4j}},
  month  = dec,
  year   = 2015
}

% http://www.theses.fr/2015PA066136.pdf
@phdthesis{Perdigou_Thesis,
  author = {Claude Perdigou},
  school = {L'Universit{\'{e}} Pierre et Marie Curie},
  title  = {{Stabilit{\'{e}} des nappes visqueuses en {\'{e}}coulement ouvert}},
  note   = {\url{http://tinyurl.com/y9s2n4vu}},
  month  = mar,
  year   = 2015
}

% https://www.ideals.illinois.edu/bitstream/handle/2142/78575/SAHAI-THESIS-2015.pdf
@mastersthesis{Sahai_Thesis,
  author = {Amal Sahai},
  school = {University of Illinois at Urbana-Champaign},
  title  = {{Modeling of high enthalpy flows for hypersonic re-entry and ground-based arc-jet testing}},
  note   = {\url{http://tinyurl.com/ovljjwn}},
  month  = aug,
  year   = 2015
}

% http://ir.library.oregonstate.edu/xmlui/bitstream/handle/1957/56137/MatthewsChristopher2015.pdf
@phdthesis{Matthews_Thesis,
  author = {Christopher Matthews},
  school = {Oregon State University},
  title  = {{Fission Gas Bubble Behavior in Uranium Carbide}},
  note   = {\url{http://tinyurl.com/q97rz6c}},
  month  = jun,
  year   = 2015
}

% http://trace.tennessee.edu/utk_graddiss/3333
@phdthesis{George_Thesis,
  author = {Nathan Michael George},
  school = {University of Tennessee, Knoxville},
  title  = {{Assessment of reactivity equivalence for enhanced accident tolerant fuels in light water reactors}},
  note   = {\url{http://tinyurl.com/y7jsgk5w}},
  month  = may,
  year   = 2015
}

% http://deepblue.lib.umich.edu/bitstream/handle/2027.42/111485/yankovai_1.pdf
@phdthesis{Yankov_Thesis,
  author = {Artem Yankov},
  school = {University of Michigan},
  title  = {{Analysis of reactor simulations using surrogate models}},
  note   = {\url{http://tinyurl.com/h32ukat}},
  month  = may,
  year   = 2015
}

@phdthesis{Vetter_Thesis,
  author = {Roman Vetter},
  school = {ETH-Z\"{u}rich},
  title  = {{Growth, interaction and packing of thin objects}},
  note   = {\url{https://doi.org/10.3929/ethz-a-010414728}},
  month  = mar,
  year   = 2015
}

% https://search.proquest.com/openview/e28477699d86ba6d13ee3a598182deb3
@mastersthesis{Freeman_thesis,
  author = {Ray A. Freeman},
  school = {University of South Carolina},
  title  = {{Analysis of pellet-cladding mechanical interaction on U$_3$Si$_2$ fuel with a multi-layer SiC cladding using BISON}},
  note   = {\url{https://tinyurl.com/ycygv735}},
  year   = 2015
}

% http://www.byui.edu/Documents/physics/Theses/Tim_HarbisonW15.pdf
@phdthesis{Harbison_thesis,
  author = {Timothy Harbison},
  school = {Brigham Young University-Idaho},
  title  = {Anisotropic grain boundary energy function for uranium dioxide},
  note   = {\url{https://tinyurl.com/ybkafssj}},
  month  = apr,
  type   = {{Senior thesis (Bachelor of Science)}},
  year   = 2015
}

@phdthesis{Berger_thesis,
  author = {Lorenz Berger},
  school = {University of Oxford, Keble College},
  title  = {{A low order finite element method for poroelasticity with applications to lung modelling}},
  note   = {\url{http://arxiv.org/abs/1609.06892}},
  month  = jun,
  year   = 2015
}

@phdthesis{Ahmed_thesis,
  author = {Karim E. Ahmed},
  school = {Purdue University},
  title  = {{Phase field modeling of grain growth in porous polycrystalline solids}},
  note   = {\url{https://docs.lib.purdue.edu/dissertations/AAI10090207/}},
  month  = dec,
  year   = 2015
}

@mastersthesis{Alberti_thesis,
  author = {Anthony L. Alberti},
  school = {Oregon State University},
  title  = {{Steady state modeling of the minimum critical core of the Transient Reactor Test Facility}},
  note   = {\url{http://hdl.handle.net/1957/58315}},
  month  = oct,
  year   = 2015
}

% IBAMR
% https://cdr.lib.unc.edu/record/uuid:0f2f2372-b297-46cf-8056-f888be574715
% https://cdr.lib.unc.edu/concern/dissertations/np193939z
@phdthesis{Hoover_thesis,
  author = {Alexander Hoover},
  school = {University of North Carolina at Chapel Hill},
  title  = {{From pacemaker to vortex ring: Modeling jellyfish propulsion and turning}},
  note   = {\url{https://tinyurl.com/y8b2obbg}},
  month  = aug,
  year   = 2015
}

% RELAP-7
@InProceedings{Martineau_2015,
  author    = {R. C. Martineau},
  title     = {{Coupled fuel performance and thermal-hydraulics simulation with BISON and RELAP-7 at accident conditions}},
  booktitle = {{7th International Conference on Modelling and Simulation in Nuclear Science and Engineering}},
  address   = {Ottawa, Ontario},
  month     = oct # {~18--21,},
  year      = 2015,
  note      = {\url{https://inis.iaea.org/search/search.aspx?orig_q=RN:49003441}}
}

% IBAMR
@Article{Land_2015,
  author  = {Sander Land and others},
  title   = {Verification of cardiac mechanics software: Benchmark problems and solutions for testing active and passive material behaviour},
  journal = {Proceedings of the Royal Society A},
  month   = dec,
  year    = 2015,
  volume  = 471,
  number  = 2184,
  pages   = {20150641 (20 pages)},
  note    = {\url{https://doi.org/10.1098/rspa.2015.0641}}
}

% https://www.osti.gov/biblio/1244884-design-high-fidelity-core-simulator-analysis-pellet-clad-interaction
% https://www.osti.gov/servlets/purl/1244884
% Proposed for presentation at the ANS MC2015 Joint International
% Conference on Mathematics and Computation (M&C),
% Supercomputing in Nuclear Applications (SNA) and the
% Monte Carlo (MC held April 19, 2015 - December 23,
% 2014 in Nashville, TN.
@TechReport{Pawlowski_2015,
  author      = {R. Pawlowski and K. Clarno and R. Montgomery and R. Salko and T. Evans and J. Turner and D. Gaston},
  title       = {{Design of a high fidelity core simulator for analysis of pellet clad interaction}},
  institution = {Sandia National Laboratories},
  day         = 1,
  month       = jan,
  year        = 2015,
  number      = {SAND2015-0093C},
  note        = {\url{https://tinyurl.com/ya7ynd3a}}
}

@TechReport{Klein_2015,
  author      = {Andrew Klein},
  title       = {{Feasibility and safety assessment for advanced reactor concepts using vented fuel}},
  institution = {Nuclear Energy University Programs (NEUP)},
  day         = 16,
  month       = jan,
  year        = 2015,
  number      = {DOE/NEUP-11-3097},
  note        = {Project 11-3097, \url{https://doi.org/10.2172/1183683}}
}

@TechReport{Tavlarides_2015,
  author      = {Lawrence L. Tavlarides},
  title       = {{Sorption modeling and verification for off-gas treatment}},
  institution = {Nuclear Energy University Programs (NEUP)},
  day         = 29,
  month       = apr,
  year        = 2015,
  number      = {DOE/NEUP-11-3175},
  note        = {Project 11-3175, \url{https://doi.org/10.2172/1179788}}
}

% https://www.researchgate.net/profile/Xu_Wu14/publication/317174636_Evaluation_of_Accident_Tolerant_FeCrAl_Coating_for_PWR_Cladding_under_Normal_Operating_Conditions_with_Coupled_Neutron_Transport_and_Fuel_Performance/links/5929136ba6fdcc4443558ca3/Evaluation-of-Accident-Tolerant-FeCrAl-Coating-for-PWR-Cladding-under-Normal-Operating-Conditions-with-Coupled-Neutron-Transport-and-Fuel-Performance.pdf
@InProceedings{Rose_2015,
  author    = {Michael Rose and Thomas J. Downar and Xu Wu and Tomasz Kozlowski},
  title     = {{Evaluation of accident tolerant FeCrAl coating for PWR cladding under normal operating conditions with coupled neutron transport and fuel performance}},
  booktitle = {{Proceedings of the Joint International Conference on Mathematics and Computation (M\&C), Supercomputing in Nuclear Applications (SNA), and the Monte Carlo (MC) Method}},
  address   = {Nashville, Tennessee},
  month     = apr # {~19--23,},
  year      = 2015,
  note      = {\url{https://tinyurl.com/y99uvrl4}}
}

% https://www.researchgate.net/profile/Guy_Metcalfe/publication/301749112_The_CSIRO_Groundwater_Cooling_Project_-_Cooling_Australia's_Latest_Supercomputer_with_Groundwater/links/57254e2908aee491cb3aa033.pdf
@InProceedings{Poulet_2015,
  author    = {Thomas Poulet and Peter Schaubs and Praveen Kumar Rachakonda and Grant Douglas and Daniel Lester and Guy Metcalfe and Heather A. Sheldon and Rebecca Tung and Lynn Reid and Klaus Regenauer-Lieb and Mike Trefry},
  title     = {{The CSIRO groundwater cooling project -- Cooling Australia's latest supercomputer with groundwater}},
  booktitle = {{Proceedings of the World Geothermal Congress}},
  address   = {Melbourne, Australia},
  month     = apr # {~19--25,},
  year      = 2015,
  note      = {\url{https://tinyurl.com/yc258yta}}
}

@TechReport{Powers_2015,
  author      = {J. J. Powers},
  title       = {{Early implementation of SiC cladding fuel performance models in BISON}},
  institution = {Oak Ridge National Laboratory},
  day         = 18,
  month       = sep,
  year        = 2015,
  number      = {ORNL/TM-2015/452},
  note        = {\url{https://doi.org/10.2172/1215605}}
}

@InProceedings{George_2015b,
  author    = {Nathan M. George and Ryan T. Sweet and G. Ivan Maldonado and Brian D. Wirth and Jeffrey J. Powers and Andrew Worrall},
  title     = {{Fuel performance calculations for FeCrAl cladding in BWRs}},
  booktitle = {{Proceedings of the ANS Winter Conference}},
  address   = {Washington, DC},
  publisher = {American Nuclear Society},
  month     = nov # {~8--12,},
  year      = 2015,
  note      = {\url{https://www.osti.gov/biblio/1237610}}
}

% https://cfwebprod.sandia.gov/cfdocs/CompResearch/docs/BISON_OECDstudies2015_SAND_report20158808.pdf
@TechReport{Swiler_2015,
  author      = {Laura P. Swiler and Kyle A. Gamble and Rodney C. Schmidt and Richard L. Williamson},
  title       = {{Sensitivity analysis of OECD benchmark tests in BISON}},
  institution = {Sandia National Laboratories},
  month       = sep,
  year        = 2015,
  number      = {SAND2015-8808},
  note        = {\url{https://tinyurl.com/yaeucb8e}}
}

@InProceedings{Lubchenko_2015,
  author    = {N. Lubchenko and M. Rodr{\'{i}}guez-Bu{\ {n}}o and E. A. Bates and R. Podgorney and E. Baglietto and J. Buongiorno and M. J. Driscoll},
  title     = {{Modeling of the groundwater transport around a deep borehole nuclear waste repository}},
  booktitle = {{Proceedings of the International High-Level Radioactive Waste Management Conference (IHLRWM)}},
  address   = {Charleston, South Carolina},
  publisher = {American Nuclear Society},
  month     = apr # {~12--16,},
  year      = 2015,
  note      = {INL/CON-15-34979, \url{https://www.osti.gov/biblio/1237326}}
}

% http://glc.ans.org/nureth-16/data/papers/13098.pdf
@InProceedings{Hu_2015d,
  author    = {Rui Hu},
  title     = {{A high-order system thermal-hydraulics model for advanced reactor safety analyses}},
  booktitle = {{16th International Topical Meting on Nuclear Reactor Thermal Hydraulics (NURETH-16)}},
  address   = {Chicago, Illinois},
  publisher = {American Nuclear Society},
  month     = aug # {~30--} # sep # {~4,},
  year      = 2015,
  note      = {\url{https://tinyurl.com/yaromgma}}
}

% http://glc.ans.org/nureth-16/data/papers/13097.pdf
@InProceedings{Hu_2015c,
  author    = {Rui Hu and Yiqi Yu},
  title     = {{Pseudo 3-D full-core conjugate heat transfer modeling of sodium fast reactors}},
  booktitle = {{16th International Topical Meting on Nuclear Reactor Thermal Hydraulics (NURETH-16)}},
  address   = {Chicago, Illinois},
  publisher = {American Nuclear Society},
  month     = aug # {~30--} # sep # {~4,},
  year      = 2015,
  note      = {\url{https://tinyurl.com/y9s9usn4}}
}

@TechReport{Hu_2015b,
  author      = {R. Hu and T. H. Fanning and T. Sumner and Y. Yu},
  title       = {{Status report on NEAMS System Analysis Module development}},
  institution = {Argonne National Laboratory},
  day         = 1,
  month       = dec,
  year        = 2015,
  number      = {ANL/NE-15/41},
  note        = {\url{https://doi.org/10.2172/1233594}}
}

@Article{Hu_2015,
  author  = {Rui Hu},
  title   = {{An advanced one-dimensional finite element model for incompressible thermally expandable flow}},
  journal = {Nuclear Technology},
  year    = 2015,
  volume  = 190,
  number  = 3,
  pages   = {313--322},
  note    = {\url{https://doi.org/10.13182/NT14-78}}
}

% This conference paper was a precursor to Luo_2017.
% https://www.researchgate.net/profile/Li_Luo36/publication/311510797_A_parallel_two-phase_flow_solver_on_unstructured_mesh_in_3D/links/58498f2808ae686033a76801/A-parallel-two-phase-flow-solver-on-unstructured-mesh-in-3D.pdf
% See also, page 29 of http://dd23.kaist.ac.kr/program_booklet.pdf
% Minisymposium CT-6: Multiphysics Problems
@InProceedings{Luo_2015,
  author    = {Li Luo and Qian Zhang and Xiao-Ping Wang and Xiao-Chuan Cai},
  title     = {{A parallel two-phase flow solver on unstructured mesh in 3D}},
  booktitle = {{23rd International Conference on Domain Decomposition Methods (DD XXIII)}},
  address   = {Jeju, South Korea},
  month     = jul # {~6--10,},
  year      = 2015,
  note      = {\url{http://tinyurl.com/z2snsos}}
}

% Also appeared as ICES Tech. Report 13-07, April 2013.
% https://www.ices.utexas.edu/media/reports/2013/1307.pdf
@Article{Opstal_2015,
  author  = {T. M. {van Opstal} and P. T. Bauman and S. Prudhomme and E. H. Brummelen},
  title   = {Goal-oriented model adaptivity for viscous incompressible flows},
  journal = {Computational Mechanics},
  month   = jun,
  year    = 2015,
  volume  = 55,
  number  = 6,
  pages   = {1181--1190},
  note    = {\url{https://doi.org/10.1007/s00466-015-1146-1}}
}

% Although the later versions of this ArXiv article and the final
% version which appeared in SIAM no longer cited libmesh, I confirmed
% via personal communication with Lorenz that it was still used.
@Article{Berger_2015,
  author  = {Lorenz Berger and Rafel Bordas and David Kay and Simon Tavener},
  title   = {Stabilized low-order finite element approximation for linear three-field poroelasticity},
  journal = {SIAM Journal on Scientific Computing},
  volume  = 37,
  number  = 5,
  month   = sep,
  year    = 2015,
  pages   = {A2222--A2245},
  note    = {\url{https://doi.org/10.1137/15M1009822}, ArXiv e-print: \url{https://arxiv.org/abs/1312.2607}}
}

@Article{Philip_2015,
  author  = {Bobby Philip and Mark A. Berrill and Srikanth Allu and Steven P. Hamilton and Rahul S. Sampath and Kevin T. Clarno and Gary A. Dilts},
  title   = {A parallel multi-domain solution methodology applied to nonlinear thermal transport problems in nuclear fuel pins},
  journal = {Journal of Computational Physics},
  month   = apr,
  year    = 2015,
  volume  = 286,
  pages   = {143--171},
  note    = {\url{https://doi.org/10.1016/j.jcp.2015.01.029}, ArXiv e-print: \url{http://arxiv.org/abs/1408.4351}}
}

@Article{Einkemmer_2015,
  author  = {Lukas Einkemmer and Alexander Ostermann},
  title   = {{Overcoming order reduction in diffusion-reaction splitting. Part 1: Dirichlet boundary conditions}},
  journal = {SIAM Journal on Scientific Computing},
  month   = jun,
  year    = 2015,
  volume  = 37,
  number  = 3,
  pages   = {A1577--A1592},
  note    = {\url{https://doi.org/10.1137/140994204}, ArXiv e-print: \url{http://arxiv.org/abs/1411.0465}}
}

@Article{Beskos_2015,
  author  = {Alexandros Beskos and Ajay Jasra and Ege A. Muzaffer and Andrew M. Stuart},
  title   = {{Sequential Monte Carlo methods for Bayesian elliptic inverse problems}},
  journal = {Statistics and Computing},
  volume  = 25,
  number  = 4,
  month   = jul,
  year    = 2015,
  pages   = {727--737},
  note    = {\url{https://doi.org/10.1007/s11222-015-9556-7}, ArXiv e-print: \url{http://arxiv.org/abs/1412.4459}}
}

@InProceedings{Zhao_2015b,
  author    = {Haihua Zhao and Ling Zou and Hongbin Zhang and Richard Martineau},
  title     = {A strongly coupled reactor core isolation cooling system model for extended station black-out analyses},
  booktitle = {{16th International Topical Meting on Nuclear Reactor Thermal Hydraulics (NURETH-16)}},
  address   = {Chicago, Illinois},
  publisher = {American Nuclear Society},
  month     = aug # {~30--} # sep # {~4,},
  year      = 2015,
  note      = {\url{https://www.osti.gov/biblio/1349190}}
}

% https://www.researchgate.net/profile/C_Arnold/publication/282095516_Modeling_Lanthanide_Transport_in_Metal_Fuels_with_BISON/links/5602b9a708ae3b544e3540d3.pdf
@InProceedings{Arnold_2015,
  author    = {C. W. Arnold and Jack Galloway and Cetin Unal},
  title     = {{Modeling lanthanide transport in metal fuels with BISON}},
  booktitle = {{Proceedings of Global 2015}},
  address   = {Paris, France},
  publisher = {Soci{\'{e}}t{\'{e}} Fran{\c{c}}aise d'Energie Nucl{\'{e}}aire (SFEN)},
  month     = sep # {~21--24,},
  year      = 2015,
  note      = {\url{http://tinyurl.com/hz4xvne}}
}

@TechReport{Ortensi_2015,
  author      = {Javier Ortensi and Mark D. DeHart and Frederick N. Gleicher and Yaqi Wang and Sebastian Schunert and Anthony L. Alberti and Todd S. Palmer},
  title       = {{Full core TREAT kinetics demonstration using Rattle$S_N$ake/BISON coupling with MAMMOTH}},
  institution = {Idaho National Laboratory},
  day         = 1,
  month       = aug,
  year        = 2015,
  number      = {INL/EXT-15-36268},
  note        = {\url{https://doi.org/10.2172/1261006}}
}

@TechReport{Fromm_2015,
  author      = {B. Fromm and Y. Zhang and D. Schwen and D. Brown and R. Pokharel},
  title       = {{Assessment of MARMOT grain growth model}},
  institution = {Idaho National Laboratory},
  day         = 1,
  month       = dec,
  year        = 2015,
  number      = {INL/EXT-15-37533},
  note        = {\url{https://doi.org/10.2172/1261063}}
}

@TechReport{YZhang_2015,
  author      = {Yongfeng Zhang and Daniel Schwen and Huibin Ke and Xianming Bai and Jason Hales},
  title       = {Mesoscale modeling of solute precipitation and radiation damage},
  institution = {Idaho National Laboratory},
  day         = 1,
  month       = sep,
  year        = 2015,
  number      = {INL/EXT-15-36754},
  note        = {\url{https://doi.org/10.2172/1260885}}
}

% http://www.osti.gov/scitech/biblio/1255660
@TechReport{McCaskey_2015b,
  author      = {Alexander J. McCaskey and Stuart Slattery and Jay Jay Billings},
  title       = {{Warthog: A MOOSE-based application for the direct code coupling of BISON and PROTEUS}},
  institution = {Oak Ridge National Laboratory},
  month       = sep,
  year        = 2015,
  number      = {ORNL/TM--2015/532},
  note        = {\url{https://doi.org/10.2172/1255660}}
}

% https://www.researchgate.net/publication/301342409_Modelling_of_Burst_Release_in_Oxide_Fuel_and_Application_to_the_Transuranus_Code
@InProceedings{Pizzocri_2015,
  author    = {D. Pizzocri and G. Pastore and T. Barani and E. Bruschi and L. Luzzi and P. {Van Uffelen}},
  title     = {{Modelling of burst release in oxide fuel and application to the TRANSURANUS code}},
  booktitle = {{11th International Conference on WWER Fuel Performance, Modelling and Experimental Support}},
  address   = {Varna, Bulgaria},
  publisher = {IAEA and the Institute for Nuclear Research and Nuclear Energy (INRNE)},
  month     = sep,
  year      = 2015,
  note      = {\url{http://tinyurl.com/zmpgu8c}}
}

@TechReport{Berry_2015,
  author      = {R. A. Berry and L. Zou and D. Andr{\v{s}} and R. C. Martineau},
  title       = {{RELAP-7 progress report: FY-2015 optimization activities summary}},
  institution = {Idaho National Laboratory},
  day         = 1,
  month       = sep,
  year        = 2015,
  number      = {INL/EXT-15-36771},
  note        = {\url{https://doi.org/10.2172/1244637}}
}

@TechReport{Wang_2015b,
  author      = {Yaqi Wang and Mark D. DeHart and Frederick N. Gleicher and Javier Ortensi and Sebastian Schunert},
  title       = {{Year end progress report on RattleSnake improvements}},
  institution = {Idaho National Laboratory},
  day         = 1,
  month       = sep,
  year        = 2015,
  number      = {INL/EXT-15-36639},
  note        = {\url{https://doi.org/10.2172/1245688}}
}

@TechReport{DeHart_2015b,
  author      = {Mark DeHart and Zander Mausolff and Sedat Goluoglu and Zachary Prince and Jean Ragusa and Carl Haugen and Matt Ellis and Benoit Forget and Kord Smith and Anthony Alberti and Todd Palmer},
  title       = {{NEAMS-funded university research in support of TREAT modeling and simulation, FY15}},
  institution = {Idaho National Laboratory},
  day         = 1,
  month       = sep,
  year        = 2015,
  number      = {INL/EXT-15-36827},
  note        = {\url{https://doi.org/10.2172/1245524}}
}

@TechReport{DeHart_2015,
  author      = {Mark D. DeHart},
  title       = {{TREAT modeling and simulation strategy}},
  institution = {Idaho National Laboratory},
  day         = 1,
  month       = sep,
  year        = 2015,
  number      = {INL/EXT-15-36893},
  note        = {\url{https://doi.org/10.2172/1245526}}
}

@TechReport{Gamble_2015b,
  author      = {Kyle Gamble and Richard Williamson and Daniel Schwen and Yongfeng Zhang and Stephen Novascone and Pavel Medvedev},
  title       = {{BISON and MARMOT development for modeling fast reactor fuel performance}},
  institution = {Idaho National Laboratory},
  day         = 1,
  month       = sep,
  year        = 2015,
  number      = {INL/EXT-15-36440},
  note        = {\url{https://doi.org/10.2172/1245515}}
}

@TechReport{Clark_2015,
  author      = {Jeffrey C. Joe and Ronald L. Boring and Sarah Herberger and Tina Miyake and Diego Mandelli and Curtis L. Smith},
  title       = {{Proof-of-concept demonstrations for computation-based human reliability analysis. Modeling operator performance during flooding scenarios}},
  institution = {Idaho National Laboratory},
  day         = 1,
  month       = sep,
  year        = 2015,
  number      = {INL/EXT-15-36741},
  note        = {\url{https://doi.org/10.2172/1244632}}
}

@TechReport{Alfonsi_2015,
  author      = {Andrea Alfonsi and Cristian Rabiti and Diego Mandelli and Joshua Cogliati and Sonat Sen and Curtis Smith},
  title       = {{Improving limit surface search algorithms in RAVEN using acceleration schemes: Level II milestone}},
  institution = {Idaho National Laboratory},
  day         = 1,
  month       = jul,
  year        = 2015,
  number      = {INL/EXT-15-36100},
  note        = {\url{https://doi.org/10.2172/1244620}}
}

@TechReport{Sen_2015,
  author      = {Sonat Sen and Daniel Maljovec and Andrea Alfonsi and Cristian Rabiti},
  title       = {{Developing and implementing the data mining algorithms in RAVEN}},
  institution = {Idaho National Laboratory},
  day         = 1,
  month       = sep,
  year        = 2015,
  number      = {INL/EXT-15-36632},
  note        = {\url{https://doi.org/10.2172/1244630}}
}

@TechReport{Alfonsi_2015b,
  author      = {Andrea Alfonsi and Cristian Rabiti and Joshua Cogliati and Diego Mandelli and Sonat Sen and Robert Kinoshita and Congjian Wang and Paul Talbot and Dan Maljovec and Andrew Slaughter and Curtis Smith},
  title       = {Dynamic event tree advancements and control logic improvements},
  institution = {Idaho National Laboratory},
  day         = 1,
  month       = sep,
  year        = 2015,
  number      = {INL/EXT-15-36758},
  note        = {\url{https://doi.org/10.2172/1244634}}
}

@Article{Perez_2015,
  author  = {Julio C. Armas-P{\'{e}}rez and Juan P. Hern{\'{a}}ndez-Ortiz and Juan J. {de Pablo}},
  title   = {{Liquid crystal free energy relaxation by a theoretically informed Monte Carlo method using a finite element quadrature approach}},
  journal = {The Journal of Chemical Physics},
  year    = 2015,
  volume  = 143,
  number  = 24,
  pages   = {243157 (12 pages)},
  note    = {\url{https://doi.org/10.1063/1.4937628}}
}

@Article{Novascone_2015,
  author  = {S. R. Novascone and B. W. Spencer and J. D. Hales and R. L. Williamson},
  title   = {Evaluation of coupling approaches for thermomechanical simulations},
  journal = {Nuclear Engineering and Design},
  volume  = 295,
  month   = dec,
  year    = 2015,
  pages   = {910--921},
  note    = {\url{https://doi.org/10.1016/j.nucengdes.2015.07.005}}
}

% http://in4.iue.tuwien.ac.at/pdfs/iwce/iwce18_2015/IWCE_2015_139-140.pdf
@InProceedings{Sahasrabudhe_2015,
  author    = {H. Sahasrabudhe and Y. Wang and M. Povolotskyi and R. Rahman and G. Klimeck},
  title     = {Low temperature electrostatic simulations of realistic large-scale structures},
  booktitle = {{Proceedings of the 18th International Workshop on Computational Electronics (IWCE 2015)}},
  address   = {West Lafayette, Indiana},
  pages     = {139--140},
  publisher = {IEEE},
  month     = sep # {~2,},
  year      = 2015,
  note      = {\url{http://tinyurl.com/ocafwhn}}
}

% https://lwrs.inl.gov/RisckInformed%20Safety%20Margin%20Characterization/INL-EXT-15-36763%20RELAP-7%20Development%20Updates.pdf
@TechReport{Zhang_2015,
  author      = {Hongbin Zhang and Haihua Zhao and Frederick Gleicher and Mark DeHart and Ling Zou and David Andr{\v{s}} and Richard Martineau},
  title       = {{RELAP-7 development updates}},
  institution = {Idaho National Laboratory},
  day         = 1,
  month       = sep,
  year        = 2015,
  number      = {INL/EXT-15-36763},
  note        = {\url{http://tinyurl.com/p5yns5e}}
}

@InProceedings{Sadasiva_2015,
  author    = {Subramanya Sadasiva and Ganesh Subbarayan},
  title     = {{DiffCode: A system for the simulation of diffusion driven phase evolution in solids}},
  booktitle = {{International Technical Conference and Exhibition on Packaging and Integration of Electronic and Photonic Microsystems (InterPACK2015)}},
  address   = {San Francisco, California},
  pages     = {V002T02A013; 8 pages},
  month     = jul # {~6--9,},
  year      = 2015,
  note      = {Paper No. IPACK2015-48655, \url{https://doi.org/10.1115/IPACK2015-48655}}
}

@Article{Jokisaari_2015,
  author  = {A. M. Jokisaari and K. Thornton},
  title   = {{General method for incorporating CALPHAD free energies of mixing into phase field models: Application to the $\alpha$-zirconium/$\delta$-hydride system}},
  journal = {Calphad},
  month   = dec,
  year    = 2015,
  volume  = 51,
  pages   = {334--343},
  note    = {\url{https://doi.org/10.1016/j.calphad.2015.10.011}}
}

% http://www.oecd.org/officialdocuments/publicdisplaydocumentpdf/?cote=NEA/NSC/R(2015)5&docLanguage=En#page=286
@InCollection{Radhakrishnan_2015,
  author    = {B. Radhakrishnan and S. B. Gorti and K. Clarno and M. R. Tonks},
  title     = {{Chapter 16: Phase field}},
  booktitle = {{State-of-the-art report on multi-scale modelling of nuclear fuels}},
  pages     = {282--290},
  month     = oct # {~9,},
  year      = 2015,
  publisher = {OECD Nuclear Energy Agency Steering Committee for Nuclear Energy},
  volume    = {NEA/NSC/R(2015)5},
  note      = {\url{http://tinyurl.com/ogrdpmq}}
}

% http://www.oecd.org/officialdocuments/publicdisplaydocumentpdf/?cote=NEA/NSC/R(2015)5&docLanguage=En#page=341
@InCollection{Tonks_2015c,
  author    = {M. R. Tonks and R. Williamson and R. Masson},
  title     = {{Chapter 22: Finite element modelling}},
  booktitle = {{State-of-the-art report on multi-scale modelling of nuclear fuels}},
  pages     = {337--343},
  month     = oct # {~9,},
  year      = 2015,
  publisher = {OECD Nuclear Energy Agency Steering Committee for Nuclear Energy},
  volume    = {NEA/NSC/R(2015)5},
  note      = {\url{http://tinyurl.com/q44kd7f}}
}

% From the acknowledgments: "The authors made extensive use of freely distributed software including libMesh..."
@Article{Dobbelaere_2015,
  author  = {D. Dobbelaere and D. {De Zutter} and J. {Van Hese} and J. Sercu and T. Boonen and H. Rogier},
  title   = {{A Calder{\'{o}}n multiplicative preconditioner for the electromagnetic Poincar{\'{e}}--Steklov operator of a heterogeneous domain with scattering applications}},
  journal = {Journal of Computational Physics},
  month   = dec,
  year    = 2015,
  volume  = 303,
  pages   = {355--371},
  note    = {\url{https://doi.org/10.1016/j.jcp.2015.09.052}}
}

@Article{Nielsen_2015,
  author  = {Joseph Nielsen and Akira Tokuhiro and Robert Hiromoto and Lei Tu},
  title   = {Branch-and-bound algorithm applied to uncertainty quantification of a boiling water reactor station blackout},
  journal = {Nuclear Engineering and Design},
  month   = dec,
  year    = 2015,
  volume  = 295,
  pages   = {283--304},
  note    = {\url{https://doi.org/10.1016/j.nucengdes.2015.07.029}}
}

% https://lwrs.inl.gov/RisckInformed%20Safety%20Margin%20Characterization/INL-EXT-15-36735%20Advanced%20Seismic%20Fragility%20Modeling.pdf
@TechReport{Bolisetti_2015,
  author      = {Chandu Bolisetti and Justin Coleman and Mohamed Talaat and Philip Hashimoto},
  title       = {Advanced seismic fragility modeling using nonlinear soil-structure interaction analysis},
  institution = {Idaho National Laboratory},
  month       = sep,
  year        = 2015,
  number      = {INL/EXT-15-36735},
  note        = {\url{http://tinyurl.com/o4ja5n4}}
}

% https://www.researchgate.net/publication/283642387_Modelling_of_fuel_behaviour_during_loss-of-coolant_accidents_using_the_BISON_code
@InProceedings{Pastore_2015b,
  author    = {G. Pastore and S. R. Novascone and R. L. Williamson and J. D. Hales and B. W. Spencer and D. S. Stafford},
  title     = {{Modelling of fuel behaviour during loss-of-coolant accidents using the BISON code}},
  booktitle = {{Top Fuel}},
  address   = {Z\"{u}rich, Switzerland},
  publisher = {European Nuclear Society},
  month     = sep # {~13--17,},
  year      = 2015,
  note      = {Paper A0083, \url{http://tinyurl.com/p5l5hrl}}
}

@Article{Joe_2015,
  author  = {Jeffrey C. Joe and Rachel B. Shirley and Diego Mandelli and Ronald L. Boring and Curtis L. Smith},
  title   = {The development of dynamic human reliability analysis simulations for inclusion in risk informed safety margin characterization frameworks},
  journal = {Procedia Manufacturing, Special Issue: 6th International Conference on Applied Human Factors and Ergonomics (AHFE), July 28--30},
  year    = 2015,
  volume  = 3,
  pages   = {1305--1311},
  note    = {\url{https://doi.org/10.1016/j.promfg.2015.07.278}}
}

% http://hdl.handle.net/10840/7090
@TechReport{Attavino_2015,
  author      = {A. Attavino and D. Cerroni and A. Cervone and L. Fancellu and S. Manservisi},
  title       = {{FEMLCORE-CATHARE coupling on SALOME platform}},
  institution = {ENEA Ricerca Sistema Elettrico},
  day         = 14,
  month       = sep,
  year        = 2015,
  number      = {ADPFISS-LP2-106},
  note        = {\url{http://tinyurl.com/ngdr5un}}
}

% "PermonCube ... interfaces with external discretization software such as libMesh [19] ..."
% I did not try to download and confirm whether this is actually the case.
@Article{Markopoulos_2015,
  author  = {Alexandros Markopoulos and Vaclav Hapla and Martin Cermak and Martin Fusek},
  title   = {{Massively parallel solution of elastoplasticity problems with tens of millions of unknowns using PermonCube and FLLOP packages}},
  journal = {Applied Mathematics and Computation},
  month   = sep,
  year    = 2015,
  volume  = 267,
  pages   = {698--710},
  note    = {\url{https://doi.org/10.1016/j.amc.2014.12.097}}
}

% http://www.osti.gov/scitech/biblio/1223084
@TechReport{McCaskey_2015,
  author      = {Alexander J. McCaskey and Jay Jay Billings and Jordan Deyton and Anna Wojtowicz},
  title       = {{An update on NiCE Support for BISON}},
  institution = {Oak Ridge National Laboratory},
  month       = oct,
  year        = 2015,
  number      = {ORNL/TM-2015/530},
  note        = {\url{https://doi.org/10.2172/1223084}}
}

% http://www.hindawi.com/journals/stni/2015/308163/
@Article{Mandelli_2015,
  author  = {Diego Mandelli and Steven Prescott and Curtis Smith and Andrea Alfonsi and Cristian Rabiti and Joshua Cogliati and Robert Kinoshita},
  title   = {{A flooding induced station blackout analysis for a pressurized water reactor using the RISMC toolkit}},
  journal = {Science and Technology of Nuclear Installations},
  month   = may,
  volume  = 2015,
  year    = 2015,
  pages   = {308163 (14 pages)},
  note    = {\url{https://doi.org/10.1155/2015/308163}}
}

@Article{Schmidt_2015,
  author  = {Marcus G. Schmidt and Ahmed E. Ismail and Roger A. Sauer},
  title   = {A continuum mechanical surrogate model for atomic beam structures},
  journal = {International Journal for Multiscale Computational Engineering},
  year    = 2015,
  volume  = 13,
  number  = 5,
  pages   = {413--442},
  note    = {\url{https://doi.org/10.1615/IntJMultCompEng.2015013568}}
}

@Article{Barrett_2015,
  author  = {K. E. Barrett and K. D. Ellis and C. R. Glass and G. A. Roth and M. P. Teague and J. Johns},
  title   = {Critical processes and parameters in the development of accident tolerant fuels drop-in capsule irradiation tests},
  journal = {Nuclear Engineering and Design},
  month   = dec,
  year    = 2015,
  volume  = 294,
  pages   = {38--51},
  note    = {\url{https://doi.org/10.1016/j.nucengdes.2015.07.074}}
}

@TechReport{Simunovic_2015,
  author      = {S. Simunovic and T. M. Besmann},
  title       = {{Coupling of thermochemistry solver Thermochimica with MOOSE/BISON}},
  institution = {Oak Ridge National Laboratory},
  month       = jun,
  year        = 2015,
  number      = {ORNL/TM-2015/56467},
  note        = {\url{https://doi.org/10.2172/1214026}}
}

@Article{Gamble_2015,
  author  = {Kyle A. Gamble and Anthony F. Williams and Paul K. Chan and Diane Wowk},
  title   = {{A feasibility study on the use of the MOOSE computational framework to simulate three-dimensional deformation of CANDU reactor fuel elements}},
  journal = {Nuclear Engineering and Design},
  month   = nov,
  year    = 2015,
  volume  = 293,
  pages   = {385--394},
  note    = {\url{https://doi.org/10.1016/j.nucengdes.2015.07.028}}
}

@Article{Wu_2015,
  author  = {Xu Wu and Tomasz Kozlowski and Jason D. Hales},
  title   = {{Neutronics and fuel performance evaluation of accident tolerant FeCrAl cladding under normal operation conditions}},
  journal = {Annals of Nuclear Energy},
  volume  = 85,
  month   = nov,
  year    = 2015,
  pages   = {763--775},
  note    = {\url{https://doi.org/10.1016/j.anucene.2015.06.032}}
}

@InProceedings{Spencer_2015b,
  author    = {Benjamin Spencer and Marie Backman and William Hoffman and Pritam Chakraborty},
  title     = {{Reactor pressure vessel integrity assessments with the Grizzly simulation code}},
  booktitle = {{Transactions of SMiRT-23, Division III}},
  address   = {Manchester, United Kingdom},
  month     = aug # {~10--14,},
  year      = 2015,
  note      = {Paper ID 710, \url{https://www.osti.gov/biblio/1372679}}
}

@TechReport{Tonks_2015b,
  author      = {M. R. Tonks and D. Schwen and Y. Zhang and P. Chakraborty and X. Bai and B. Fromm and J. Yu and M. C. Teague and D. A. Andersson},
  title       = {{Assessment of MARMOT: A mesoscale fuel performance code}},
  institution = {Idaho National Laboratory},
  day         = 1,
  month       = apr,
  year        = 2015,
  number      = {INL/EXT-15-35108},
  note        = {\url{https://doi.org/10.2172/1196556}}
}

% http://meetings.aps.org/Meeting/GEC15/Session/GT1.93
@InProceedings{Chang_2015,
  author    = {Hyonu Chang},
  title     = {{A stabilization of libMesh based finite element method in two-dimensional fluid simulation of capacitively coupled plasma}},
  booktitle = {{68th Annual Gaseous Electronics Conference/9th International Conference on Reactive Plasmas/33rd Symposium on Plasma Processing, Volume 60, Number 9}},
  address   = {Honolulu, Hawaii},
  month     = oct # {~12--16,},
  year      = 2015,
  note      = {Abstract GT1.00093, \url{http://tinyurl.com/y9yy55y9}}
}

% https://www.casl.gov/sites/default/files/docs/CASL-U-2015-0175-000.pdf
@TechReport{Liu_2015,
  author      = {Wenfeng Liu and Robert Montgomery and Carlos Tom{\'{e}} and Chris Stanek and Jason Hales},
  title       = {{VPSC implementation in BISON-CASL code for modeling large deformation problems}},
  institution = {Consortium for Advanced Simulation of LWRs (CASL)},
  day         = 19,
  month       = apr,
  year        = 2015,
  number      = {CASL-U-2015-0175-000},
  note        = {\url{https://tinyurl.com/sx2szoa}}
}

@Article{Mangeri_2015,
  author  = {John Mangeri and Olle Heinonen and Dmitry Karpeyev and Serge Nakhmanson},
  title   = {Influence of elastic and surface strains on the optical properties of semiconducting core-shell nanoparticles},
  journal = {Physical Review Applied},
  month   = jul,
  year    = 2015,
  volume  = 4,
  number  = 1,
  pages   = {014001 (10 pages)},
  note    = {\url{https://doi.org/10.1103/PhysRevApplied.4.014001}}
}

% "There are many choices of finite element libraries that are freely available to
% download and use, ... libMesh is the default and only choice currently available in QUESO."
@InCollection{McDougall_2015,
  author    = {Damon McDougall and Nicholas Malaya and Robert D. Moser},
  title     = {{The parallel C++ statistical library for Bayesian inference: QUESO}},
  pages     = {1--38},
  year      = 2015,
  publisher = {Springer, Cham},
  booktitle = {Handbook of Uncertainty Quantification},
  editor    = {R. Ghanem and D. Higdon and H. Owhadi},
  note      = {\url{https://doi.org/10.1007/978-3-319-11259-6_57-1}, ArXiv e-print: \url{http://arxiv.org/abs/1507.00398}}
}

@Article{Delchini_2015b,
  author  = {Marc O. Delchini and Jean C. Ragusa and Ray A. Berry},
  title   = {{Entropy-based viscous regularization for the multi-dimensional Euler equations in low-Mach and transonic flows}},
  journal = {Computers \& Fluids},
  month   = sep,
  year    = 2015,
  pages   = {225--244},
  volume  = 118,
  note    = {\url{https://doi.org/10.1016/j.compfluid.2015.06.005}}
}

% http://arc.aiaa.org/doi/abs/10.2514/6.2015-2665
@InProceedings{Bauman_2015,
  author    = {Paul T. Bauman},
  title     = {Enabling the statistical calibration of active nitridation of graphite by atomic nitrogen},
  booktitle = {{45th AIAA Thermophysics Conference}},
  address   = {Dallas, Texas},
  month     = jun # {~22--26,},
  year      = 2015,
  note      = {\url{https://doi.org/10.2514/6.2015-2665}}
}

@Article{Hales_2015b,
  author  = {J. D. Hales and M. R. Tonks and F. N. Gleicher and B. W. Spencer and S. R. Novascone and R. L. Williamson and G. Pastore and D. M. Perez},
  title   = {{Advanced multiphysics coupling for LWR fuel performance analysis}},
  journal = {Annals of Nuclear Energy, Special Issue on Multi-Physics Modelling of LWR Static and Transient Behaviour},
  vol     = 84,
  pages   = {98--110},
  month   = oct,
  year    = 2015,
  note    = {\url{https://doi.org/10.1016/j.anucene.2014.11.003}}
}

@Article{Gaston_2015,
  author  = {Derek R. Gaston and Cody J. Permann and John W. Peterson and Andrew E. Slaughter and David Andr{\v{s}} and Yaqi Wang and Michael P. Short and Danielle M. Perez and Michael R. Tonks and Javier Ortensi and Richard C. Martineau},
  title   = {Physics-based multiscale coupling for full core nuclear reactor simulation},
  journal = {Annals of Nuclear Energy, Special Issue on Multi-Physics Modelling of LWR Static and Transient Behaviour},
  month   = oct,
  year    = 2015,
  volume  = 84,
  pages   = {45--54},
  note    = {\url{https://doi.org/10.1016/j.anucene.2014.09.060}}
}

@Article{Delchini_2015,
  author  = {Marc O. Delchini and Jean C. Ragusa and Jim Morel},
  title   = {{Entropy-based artificial viscosity stabilization for non-equilibrium Gray radiation-hydrodynamics}},
  journal = {Journal of Computational Physics},
  month   = sep,
  volume  = 296,
  pages   = {293--313},
  year    = 2015,
  note    = {\url{https://doi.org/10.1016/j.jcp.2015.04.039}}
}

% https://www.researchgate.net/profile/Konstantinos_Tzirakis/publication/289345283_Numerical_modeling_of_non-Newtonian_polarizable_and_magnetizable_fluid_flow/links/568bb1fa08ae051f9afc59cf.pdf
@InProceedings{Tzirakis_2015,
  author    = {Konstantinos Tzirakis and Lorenzo Botti and Domenico Giordano and Yannis Papaharilaou},
  title     = {{Numerical modelling of non-Newtonian polarizable and magnetizable fluid flow}},
  booktitle = {{Proceedings of the 8th European Symposium on Aerothermodynamics for Space Vehicles}},
  address   = {Lisbon, Portugal},
  publisher = {European Space Agency},
  month     = mar # {~2--6,},
  year      = 2015,
  note      = {\url{https://tinyurl.com/t99xjrh}}
}

% http://congress.cimne.com/panacm2015/admin/files/fileabstract/a262.pdf
@InProceedings{deBruycker_2015,
  author    = {Deborah R. {de Bruycker} and Jose J. Camata and Alvaro L. G. A. Coutinho},
  title     = {Performance of hierarquical parallel preconditioners for the finite element solution of level set problems},
  booktitle = {{First Pan-American Congress on Computational Mechanics (PANACM2015)}},
  address   = {Buenos Aires, Argentina},
  month     = apr # {~27--29,},
  year      = 2015,
  note      = {\url{http://tinyurl.com/zbe7n3b}}
}

% https://www.researchgate.net/profile/John_Peterson16/publication/314280907_Convergence_study_of_RattleSnake_solutions_for_the_two-dimensional_C5G7_MOX_benchmark/links/58bf0b4c4585151c70304ae2/Convergence-study-of-RattleSnake-solutions-for-the-two-dimensional-C5G7-MOX-benchmark.pdf
@InProceedings{Wang_2015,
  author    = {Yaqi Wang and Mark D. {DeHart} and Derek R. Gaston and Frederick N. Gleicher and Richard C. Martineau and Javier Ortensi and John W. Peterson and Sebastian Schunert},
  title     = {{Convergence study of RattleSnake solutions for the two-dimensional C5G7 MOX benchmark}},
  booktitle = {{Proceedings of the Joint International Conference on Mathematics and Computation (M\&C), Supercomputing in Nuclear Applications (SNA), and the Monte Carlo (MC) Method}},
  address   = {Nashville, Tennessee},
  month     = apr # {~19--23,},
  year      = 2015,
  note      = {\url{http://tinyurl.com/yctl3xwu}}
}

% https://www.osti.gov/biblio/1244884-design-high-fidelity-core-simulator-analysis-pellet-clad-interaction
@InProceedings{Pawlowski_2015b,
  author    = {R. Pawlowski and K. Clarno and R. Montgomery and R. Salko T. Evans and J. Turner and D. R. Gaston},
  title     = {Design of a high fidelity core simulator for analysis of pellet clad interaction},
  booktitle = {{Proceedings of the Joint International Conference on Mathematics and Computation (M\&C), Supercomputing in Nuclear Applications (SNA), and the Monte Carlo (MC) Method}},
  address   = {Nashville, Tennessee},
  month     = apr # {~19--23,},
  year      = 2015,
  note      = {\url{https://tinyurl.com/ya7ynd3a}}
}

@Article{Tonks_2015,
  author  = {Michael R. Tonks and Yongfeng Zhang and Aaron Butterfield and Xian-Ming Bai},
  title   = {Development of a grain boundary pinning model that considers particle size distribution using the phase field method},
  journal = {Modelling and Simulation in Materials Science and Engineering},
  year    = 2015,
  volume  = 23,
  number  = 4,
  pages   = {045009 (16 pages)},
  note    = {\url{https://doi.org/10.1088/0965-0393/23/4/045009}}
}

% https://www.ices.utexas.edu/sites/oden/wp-content/uploads/2013/06/2014-Oden-Prudencio-Bauman-Faghihi-Chandar_-Material-Damage_-IJNME.pdf
@Article{Prudencio_2015,
  author  = {E. E. Prudencio and P. T. Bauman and D. Faghihi and K. Ravi-Chandar and J. T. Oden},
  title   = {{A computational framework for dynamic data driven material damage control, based on Bayesian inference and model selection}},
  journal = {International Journal for Numerical Methods in Engineering},
  year    = 2015,
  month   = apr,
  volume  = 102,
  number  = {3--4},
  pages   = {379--403},
  note    = {\url{https://doi.org/10.1002/nme.4669}}
}

% Also appeared as:
% Tech.\ Report MOX:13/2014, \url{http://mox.polimi.it/it/progetti/pubblicazioni/quaderni/13-2014.pdf}
% Tech.\ Report MATHICSE:23.2014, \url{http://mathicse.epfl.ch/page-68906-en.html}
@Article{Ballarin_2015,
  author  = {Francesco Ballarin and Andrea Manzoni and Alfio Quarteroni and Gianluigi Rozza},
  title   = {{Supremizer stabilization of POD-Galerkin approximation of parametrized steady incompressible Navier-Stokes equations}},
  journal = {International Journal for Numerical Methods in Engineering},
  month   = may,
  year    = 2015,
  volume  = 102,
  number  = 5,
  pages   = {1136--1161},
  note    = {\url{https://doi.org/10.1002/nme.4772}}
}

@Article{Mesgarnejad_2015,
  author  = {A. Mesgarnejad and B. Bourdin and M. M. Khonsari},
  title   = {Validation simulations for the variational approach to fracture},
  journal = {Computer Methods in Applied Mechanics and Engineering},
  year    = 2015,
  volume  = 290,
  month   = jun,
  pages   = {420--437},
  note    = {\url{https://doi.org/10.1016/j.cma.2014.10.052}}
}

% http://www.osti.gov/scitech/biblio/1177218
@TechReport{Spencer_2015,
  author      = {Benjamin Spencer and Hai Huang and John Dolbow and Jason Hales},
  title       = {Discrete modeling of early-life thermal fracture in ceramic nuclear fuel},
  institution = {Idaho National Laboratory},
  day         = 1,
  month       = mar,
  year        = 2015,
  number      = {INL/CON-14-31355},
  note        = {\url{http://tinyurl.com/ybqjszeb}, Presented at the 2014 Water Reactor Fuel Performance Meeting, Sendai, Japan, Sep. 14--17, 2014}
}

% http://www.osti.gov/scitech/biblio/1177212
@TechReport{Zhao_2015,
  author      = {Haihua Zhao and Hongbin Zhang and Ling Zou and David Andr{\v{s}} and Richard Martineau},
  title       = {{Demonstration of fully coupled simplified extended station black-out accident simulation with RELAP-7}},
  institution = {Idaho National Laboratory},
  day         = 1,
  month       = mar,
  year        = 2015,
  number      = {INL/CON-13-30940},
  note        = {\url{http://tinyurl.com/y77cgvca}, Presented at PHYSOR 2014, Kyoto, Japan, Sep.~28--Oct.~3, 2014}
}

@Article{Andersson_2015,
  author  = {David A. Andersson and Michael R. Tonks and Luis Casillas and Shyam Vyas and Pankaj Nerikar and Blas P. Uberuaga and Christopher R. Stanek},
  title   = {{Multiscale simulation of xenon diffusion and grain boundary segregation in UO$_2$}},
  journal = {Journal of Nuclear Materials},
  volume  = 462,
  month   = jul,
  pages   = {15--25},
  year    = 2015,
  note    = {\url{https://doi.org/10.1016/j.jnucmat.2015.03.019}}
}

@Article{Metaxa_2015,
  author  = {Eleni Metaxa and Nikolaos Kontopodis and Vasileios Vavourakis and Konstantinos Tzirakis and Christos V. Ioannou and Yannis Papaharilaou},
  title   = {The influence of intraluminal thrombus on noninvasive abdominal aortic aneurysm wall distensibility measurement},
  journal = {Medical \& Biological Engineering \& Computing},
  month   = apr,
  year    = 2015,
  pages   = {299--308},
  volume  = 53,
  number  = 4,
  note    = {\url{https://doi.org/10.1007/s11517-014-1235-x}}
}

% http://conference.unisalento.it/ocs/public/conferences/1/download/scientific_program/S22.pdf#page=20
@InProceedings{Ruprecht_2015,
  author    = {Daniel Ruprecht and Mathias Winkel and Rolf Krause},
  title     = {{EWE---A coupled electro-mechanical heart model in the general purpose FEM framework MOOSE}},
  booktitle = {{86th Annual Meeting of the International Association of Applied Mathematics and Mechanics (GAMM 2015)}},
  address   = {Lecce, Italy},
  pages     = 20,
  month     = mar # {~23--27,},
  year      = 2015,
  note      = {\url{http://tinyurl.com/ntbmtk3}}
}

@Article{Ruprecht_2015b,
  author  = {Daniel Ruprecht and Mathias Winkel and Rolf Krause},
  title   = {{EWE: Toward electro-mechanical heart simulations with MOOSE}},
  journal = {Proceedings in Applied Mathematics and Mechanics, Special Issue: 86th Annual Meeting of the International Association of Applied Mathematics and Mechanics (GAMM)},
  month   = oct,
  year    = 2015,
  volume  = 15,
  number  = 1,
  pages   = {683--684},
  note    = {\url{https://doi.org/10.1002/pamm.201510331}}
}

@Article{Luthi_2015,
  author  = {M. P. L\"{u}thi and C. Ryser and L. C. Andrews and  G. A. Catania and M. Funk and R. L. Hawley and M. J. Hoffman and T. A. Neumann},
  title   = {{Heat sources within the Greenland ice sheet: dissipation, temperate paleo-firn and cryo-hydrologic warming}},
  journal = {The Cryosphere},
  year    = 2015,
  volume  = 9,
  pages   = {245--253},
  note    = {\url{https://doi.org/10.5194/tc-9-245-2015}}
}

@Article{Smetana_2015,
  author  = {Kathrin Smetana},
  title   = {A new certification framework for the port reduced static condensation reduced basis element method},
  journal = {Computer Methods in Applied Mechanics and Engineering},
  month   = jan,
  year    = 2015,
  volume  = 283,
  pages   = {352--383},
  note    = {\url{https://doi.org/10.1016/j.cma.2014.09.020}}
}

@Article{Hales_2015,
  author  = {J. D. Hales and M. R. Tonks and K. Chockalingam and D. M. Perez and S. R. Novascone and B. W. Spencer and R. L. Williamson},
  title   = {Asymptotic expansion homogenization for multiscale nuclear fuel analysis},
  journal = {Computational Materials Science},
  month   = mar,
  year    = 2015,
  volume  = 99,
  pages   = {290--297},
  note    = {\url{https://doi.org/10.1016/j.commatsci.2014.12.039}}
}

@Article{Garnaud_2015,
  author  = {X. Garnaud and X. Han and P. Jacquet and J.-M. Ndombo and I. Limaiem},
  title   = {{Multiscale analysis of heat transfer in coated fuel particle compacts -- Application to the HTTR}},
  journal = {Nuclear Engineering and Design},
  month   = feb,
  year    = 2015,
  volume  = 282,
  pages   = {106--115},
  note    = {\url{https://doi.org/10.1016/j.nucengdes.2014.11.031}}
}

@InProceedings{Wright_2015,
  author    = {Michael Wright and Monica F. Hughes and Michael Barnhardt and Anthony M. Calomino},
  title     = {{An overview of technology investments in the NASA entry systems modeling project}},
  booktitle = {{53rd AIAA Aerospace Sciences Meeting}},
  address   = {Kissimmee, Florida},
  month     = jan # {~5--9,},
  year      = 2015,
  note      = {\url{https://doi.org/10.2514/6.2015-1892}}
}

@InProceedings{Bhatia_2015,
  author    = {Manav Bhatia and Philip S. Beran},
  title     = {Adjoint-based $h$-adaptive calculation of generalized aerodynamic forces},
  booktitle = {{56th AIAA/ASCE/AHS/ASC Structures, Structural Dynamics, and Materials Conference}},
  address   = {Kissimmee, Florida},
  month     = jan # {~5--9,},
  year      = 2015,
  note      = {\url{https://doi.org/10.2514/6.2015-0172}}
}

@Article{Pastore_2015,
  author  = {Giovanni Pastore and L. P. Swiler and J. D. Hales and S. R. Novascone and D. M. Perez and B. W. Spencer and L. Luzzi and P. {Van Uffelen} and R. L. Williamson},
  title   = {Uncertainty and sensitivity analysis of fission gas behavior in engineering-scale fuel modeling},
  journal = {Journal of Nuclear Materials},
  year    = 2015,
  month   = jan,
  volume  = 456,
  pages   = {398--408},
  note    = {\url{https://doi.org/10.1016/j.jnucmat.2014.09.077}}
}

@Article{Schunert_2015,
  author  = {Sebastian Schunert and Yaqi Wang and Richard Martineau and Mark D. DeHart},
  title   = {{A new mathematical adjoint for the modified SAAF-S$_\text{N}$ equations}},
  journal = {Annals of Nuclear Energy},
  month   = jan,
  year    = 2015,
  volume  = 75,
  pages   = {340--352},
  note    = {\url{https://doi.org/10.1016/j.anucene.2014.08.028}}
}

% This was published online in Aug, 2014, but the journal issue has a 2015 publication date.
% Note: bibtex warns if there is no publisher for InCollection entries.
@InCollection{Krol_2015,
  author    = {Dawid Kr{\'{o}}l and Jason Harris and Dawid Zydek},
  title     = {{Hybrid GPU/CPU approach to multiphysics simulation}},
  booktitle = {Progress in Systems Engineering: Proceedings of the Twenty-Third International Conference on Systems Engineering},
  pages     = {893--899},
  publisher = {Springer International},
  year      = 2015,
  volume    = 1089,
  note      = {\url{https://doi.org/10.1007/978-3-319-08422-0_130}}
}
