@InProceedings{Carey_2005,
  author    = {G. F. Carey and W. Barth and B. S. Kirk and J. W. Peterson},
  title     = {{Parallel CFD for flow and transport applications including unstructured and adaptive grids}},
  booktitle = {Proceedings of Parallel CFD 2004:  Multidisciplinary Applications},
  editor    = {G. Winter and A. Ecer and J. Periaux and N. Satofuka and P. Fox},
  publisher = {Elsevier Science B.V.},
  address   = {Amsterdam, The Netherlands},
  month     = oct,
  year      = 2005,
  pages     = {9--21},
  note      = {\url{https://doi.org/10.1016/B978-044452024-1/50003-8}, ISBN: 0444520244}
}

% There was a special issue of CNME (now IJNM Biomedical Engineering) for this conference edited by
% Alvaro and Andrea, this paper did not appear there, however.
% Special Issue: Ibero-Latin American Conference on Computational Methods in Engineering (CILAMCE 2005)
% June 2007
% v. 23, no. 6, pp. 417--637, http://onlinelibrary.wiley.com/doi/10.1002/cnm.v23:6/issuetoc
% http://www.inf.ufes.br/~luciac/papers/CIL-0692.pdf
@InProceedings{Camata_2005,
  author    = {J. J. Camata and L. Catabriga and A. M. P. Valli and A. L. G. A. Coutinho and G. F. Carey},
  title     = {{Numerical Evaluation of the LCD method implemented in the LibMesh library}},
  booktitle = {{Proceedings of the XXVI Iberian Latin-American Congress on Computational Methods in Engineering (CILAMCE)}},
  address   = {Guarapari, Esp{\'{i}}rito Santo, Brazil},
  publisher = {Brazilian Assoc. for Comp. Mechanics \& Latin American Assoc. of Comp. Methods in Engineering},
  year      = 2005,
  month     = oct # {~19--21,},
  note      = {Paper CIL16-692, \url{http://tinyurl.com/yb6nw995}}
}

@Comment LocalWords:  InProceedings CFD booktitle Ecer Periaux Satofuka oct CIL
@Comment LocalWords:  Elsevier Camata Catabriga LibMesh
@Comment LocalWords:  CILAMCE
