% https://drive.google.com/file/d/0B9BK7pg8se_iMUlhN3RkbDRGTVE/view?usp=sharing
@MastersThesis{Peterson_Thesis,
  author = {John William Peterson},
  type   = {{Master's Report}},
  school = {ASE-EM dept., The University of Texas at Austin},
  title  = {{A Numerical Investigation of B{\'{e}}nard Convection in Small Aspect Ratio Containers}},
  note   = {\url{http://tinyurl.com/z7oloaf}},
  month  = may,
  year   = 2003
}

% http://www.shaker.de/de/content/catalogue/index.asp?lang=de&ID=8&ISBN=978-3-8322-3500-0
@phdthesis{Dreyer_Thesis,
  author = {Daniel Dreyer},
  school = {Technischen Universit{\"{a}}t Hamburg-Harburg},
  title  = {{Efficient infinite elements for exterior acoustics}},
  note   = {\url{http://tinyurl.com/zy3zrga}},
  month  = sep,
  year   = 2004
}

% http://bast.opus.hbz-nrw.de/volltexte/2011/145
@InCollection{vonEstorff_2004,
  author    = {Otto {von Estorff} and Steffen Petersen},
  title     = {FE-reifen-fahr-bahn-modell},
  pages     = {18--21},
  year      = 2004,
  booktitle = {Reports of the Federal Highway Research Institute, Series S: Road construction},
  volume    = 37,
  publisher = {Bibliothek der Bundesanstalt f{\"{u}}r Stra{\ss}enwesen (BASt)},
  note      = {Approximate English title: ``FE tire roadway model,'' \url{http://tinyurl.com/ychxckek}}
}

% http://www.conforg.fr/cfadaga2004/cdrom/data/procs/articles/000696.pdf
@InProceedings{Petersen_2004,
  author    = {Steffen Petersen and Daniel Dreyer and Otto von Estorff},
  title     = {{Practical considerations of the acoustic FEM for higher frequencies}},
  booktitle = {{Proceedings of the Joint Congress of the French and German Acoustical Societies (CFA/DAGA'04)}},
  address   = {Strasbourg, France},
  month     = mar # {~22--25,},
  year      = 2004,
  note      = {\url{http://tinyurl.com/ybdh3v9b}}
}

@Article{Carey_2004b,
  author  = {Graham F. Carey and William Barth and Juliette A. Woods and Benjamin S. Kirk and Michael L. Anderson and Sum Chow and Wolfgang Bangerth},
  title   = {Modeling error and constitutive relations in simulation of flow and transport},
  journal = {International Journal for Numerical Methods in Fluids},
  month   = dec,
  year    = 2004,
  volume  = 46,
  number  = 12,
  pages   = {1211--1236},
  note    = {\url{https://doi.org/10.1002/fld.797}}
}

@Article{Carey_2004a,
  author  = {Graham F. Carey and M. Anderson and B. Carnes and B. Kirk},
  title   = {Some aspects of adaptive grid technology related to boundary and interior layers},
  journal = {Journal of Computational and Applied Mathematics},
  volume  = 166,
  number  = 1,
  month   = apr,
  year    = 2004,
  pages   = {55--86},
  note    = {\url{https://doi.org/10.1016/j.cam.2003.09.036}}
}

@InProceedings{Antiga_2004,
  author     = {Luca Antiga},
  title      = {Imaging and numerical fluid dynamics for the study of the cardiovascular system},
  booktitle  = {{III Workshop Bioflumen:  Technological innovation and evaluation of medical devices for the cardiovascular system}},
  editor     = {M. Grigioni},
  pages      = {55--59},
  publisher  = {Istituto Superiore di Sanit{\`{a}}},
  address    = {Rome, Italy},
  month      = nov,
  year       = 2004
}

@Comment LocalWords:  Bangerth Carnes Comput Appl issn InProceedings Antiga di
@Comment LocalWords:  booktitle Bioflumen Grigioni Istituto
@Comment LocalWords:  Superiore Sanit nov
