% https://doi.org/10.3929/ethz-a-010129038
@phdthesis{Ryser_Thesis,
  author = {Claudia Ryser},
  school = {ETH-Z{\"{u}}rich},
  title  = {{Cold ice in an alpine glacier and ice dynamics at the margin of the Greenland ice sheet}},
  note   = {\url{https://tinyurl.com/nagulx5}},
  year   = 2014
}

% http://vts.uni-ulm.de/docs/2014/9093/vts_9093_13686.pdf
@phdthesis{Steih_2014,
  author = {Kristina Steih},
  school = {Universit{\"{a}}t Ulm},
  title  = {{Reduced basis methods for time-periodic parametric partial differential equations}},
  note   = {\url{https://tinyurl.com/y8dkx5d4}},
  month  = apr,
  year   = 2014
}

% https://espace.rmc.ca/bitstream/11264/102/1/Gamble,%20Kyle%20-%20Thesis%20Final.pdf
@MastersThesis{Gamble_2014,
  author = {Kyle Allan Lawrence Gamble},
  school = {Royal Military College of Canada},
  title  = {{Modeling three-dimensional deformation mechanisms in CANDU reactor fuel elements}},
  note   = {\url{https://tinyurl.com/ok4zu9w}},
  month  = may,
  year   = 2014
}

% https://docs.lib.purdue.edu/open_access_dissertations/356/
@phdthesis{Sadasiva_thesis,
  author = {Subramanya Gautam Sadasiva},
  school = {Purdue University},
  title  = {{Simulations of diffusion driven phase evolution in heterogenous solids}},
  note   = {\url{https://tinyurl.com/y845and4}},
  month  = dec,
  year   = 2014
}

% https://oaktrust.library.tamu.edu/handle/1969.1/153891
@phdthesis{Delchini_thesis,
  author = {Marc Olivier Delchini},
  school = {Texas A\&M University},
  title  = {{Extension of the entropy viscosity method to the Multi-D Euler equations and the Seven-Equation Two-Phase model}},
  note   = {\url{https://tinyurl.com/ycj53nu7}},
  month  = oct,
  year   = 2014
}

% https://www.politesi.polimi.it/bitstream/10589/97923/3/2014_10_Bozzetto.pdf
@phdthesis{Bozzetto_2014,
  author = {Michela Bozzetto},
  school = {Politecnico di Milano},
  title  = {{Characterization of the flow instability in patient-specific arteriovenous fistulae for hemodialysis}},
  note   = {\url{https://tinyurl.com/hoz5aw5}},
  year   = 2014
}

% https://digitalcommons.lsu.edu/gradschool_dissertations/2776/
@phdthesis{Mesgarnejad_Thesis,
  author = {Ataollah Mesgarnejad},
  school = {Louisiana State University},
  title  = {{Applications of the variational approach to fracture mechanics}},
  note   = {\url{https://tinyurl.com/vzfc7ed}},
  month  = dec,
  year   = 2014
}

@TechReport{Hu_2014b,
  author      = {Rui Hu},
  title       = {{Verification and validation plan for the SFR system analysis module}},
  institution = {Argonne National Laboratory},
  day         = 18,
  month       = dec,
  year        = 2014,
  number      = {ANL/NE-14/14},
  note        = {\url{https://doi.org/10.2172/1168234}}
}

@InProceedings{Zabriskie_2014,
  author    = {A. X. Zabriskie and W. R. Marcum and D. M. Wachs},
  title     = {{Initial analysis of transient power time lag due to heterogeneity within the treat fuel matrix using MOOSE/BISON}},
  booktitle = {{Proceedings of the 2014 American Nuclear Society Annual Meeting}},
  address   = {Reno, Nevada},
  month     = jun # {~15--19,},
  year      = 2014,
  note      = {INL/CON-13-30975, \url{https://www.osti.gov/biblio/1179102}}
}

@TechReport{Smith_2014,
  author      = {Curtis Smith and Heather Chichester and Jesse Johns and Melissa Teague and Michael Tonks and Robert Youngblood},
  title       = {{Accident tolerant fuel analysis}},
  institution = {Idaho National Laboratory},
  day         = 1,
  month       = sep,
  year        = 2014,
  number      = {INL/EXT-14-33200},
  note        = {\url{https://doi.org/10.2172/1168647}}
}

% https://www.researchgate.net/profile/Ray_Berry/publication/289476602_Extension_of_the_entropy_viscosity_method_to_the_Iow-Mach_regime_for_the_multi-dimensional_euler_equations/links/5693d4a908ae820ff0728a1f/Extension-of-the-entropy-viscosity-method-to-the-Iow-Mach-regime-for-the-multi-dimensional-euler-equations.pdf
@InProceedings{Delchini_2014c,
  author    = {Marc O. Delchini and Jean C. Ragusa and Ray A. Berry},
  title     = {{Extension of the entropy viscosity method to the low-Mach regime for the multi-dimensional Euler equations}},
  booktitle = {{Transactions of the American Nuclear Society}},
  address   = {Anaheim, California},
  pages     = {693--694},
  month     = nov # {~9--13,},
  year      = 2014,
  note      = {\url{https://tinyurl.com/y7hvy6zj}}
}

@TechReport{Hu_2014,
  author      = {R. Hu and T. H. Fanning},
  title       = {{Update on developments for the SFR System Analysis Module}},
  institution = {Argonne National Laboratory},
  day         = 8,
  month       = oct,
  year        = 2014,
  number      = {ANL/NE-14/9},
  note        = {\url{https://doi.org/10.2172/1159321}}
}

% https://www.researchgate.net/profile/Xu_Wu14/publication/289371112_Neutronics_analysis_of_improved_accident_tolerance_LWR_fuel_by_modifing_Zircaloy_cladding_of_fuel_pins/links/59290c7fa6fdcc444355876e/Neutronics-analysis-of-improved-accident-tolerance-LWR-fuel-by-modifing-Zircaloy-cladding-of-fuel-pins.pdf
@InProceedings{Wu_2014b,
  author    = {Xu Wu and Tomasz Kozlowski and Brent J. Heuser},
  title     = {{Neutronics analysis of improved accident tolerant LWR fuel by modifying Zircaloy cladding of fuel pins}},
  booktitle = {{Proceedings of the International Congress on Advances in Nuclear Power Plants (ICAPP)}},
  address   = {Charlotte, North Carolina},
  pages     = {14097 (8 pages)},
  month     = apr # {~6--9,},
  year      = 2014,
  note      = {\url{https://tinyurl.com/ya5yqpn9}}
}

@TechReport{Wu_2014,
  author      = {Xu Wu and Piyush Sabharwall and Jason Hales},
  title       = {{Neutronics and fuel performance evaluation of accident tolerant fuel under normal operation conditions}},
  institution = {Idaho National Laboratory},
  day         = 1,
  month       = jul,
  year        = 2014,
  number      = {INL/EXT-14-32591},
  note        = {\url{https://doi.org/10.2172/1166052}}
}

@Article{Gaston_2014c,
  author  = {Derek R. Gaston and John W. Peterson and Cody J. Permann and David Andr{\v{s}} and Andrew E. Slaughter and Jason M. Miller},
  title   = {Continuous integration for concurrent computational framework and application development},
  journal = {Journal of Open Research Software},
  month   = jul,
  year    = 2014,
  volume  = 2,
  number  = 1,
  pages   = {1--6},
  note    = {{Special Collection: Working towards Sustainable Software for Science: Practice and Experiences, Article e10, \url{https://doi.org/10.5334/jors.as}}}
}

@Article{Short_2014b,
  author  = {M. P. Short and D. Hussey and B. K. Kendrick and T. M. Besmann and C. R. Stanek and S. Yip},
  title   = {{Multiphysics modeling of porous CRUD deposits in nuclear reactors}},
  journal = {Journal of Nuclear Materials},
  month   = nov,
  year    = 2013,
  volume  = 443,
  number  = 1,
  pages   = {579--587},
  note    = {\url{https://doi.org/10.1016/j.jnucmat.2013.08.014}}
}

@TechReport{Metzger_2014,
  author      = {K. E. Metzger and T. W. Knight and R. L. Williamson},
  title       = {{Model of U$_3$Si$_2$ fuel system using BISON fuel code}},
  institution = {Idaho National Laboratory},
  day         = 1,
  month       = apr,
  year        = 2014,
  number      = {INL/CON-13-30445},
  note        = {\url{https://www.osti.gov/biblio/1149001}}
}

% This paper may use MOOSE, need to see the full version to be sure.
% INL/CON-14-31013
@InProceedings{Bai_2014,
  author    = {Xian-Ming Bai and Yongfeng Zhang and Michael R. Tonks},
  title     = {Computer modeling of transport of oxidizing species in grain boundaries during zirconium corrosion},
  booktitle = {{Proceedings of the 2014 American Nuclear Society Annual Meeting}},
  address   = {Reno, Nevada},
  month     = jun # {~15--19,},
  year      = 2014,
  note      = {\url{https://www.osti.gov/biblio/1156906}}
}

% Conference was in 2014, proceedings publication came out in 2015.
@InProceedings{Wang_2014,
  author    = {Y. Wang and F. N. Gleicher},
  title     = {{Revisit boundary conditions for the self-adjoint angular flux formulation}},
  booktitle = {{Proceedings of the International Conference on Physics of Reactors (PHYSOR 2014)}},
  address   = {Kyoto, Japan},
  editor    = {K. Suyama and T. Sugawara and K. Tada and G. Chiba and A. Yamamoto},
  month     = sep # {~28--} # oct # {~3,},
  year      = 2014,
  note      = {\url{https://doi.org/10.11484/jaea-conf-2014-003}}
}

% Also appeared as CMAF Preprint Pre-010
@Article{Barbarosie_2014,
  author  = {Cristian Barbarosie and Anca-Maria Toader},
  title   = {Optimization of bodies with locally periodic microstructure by varying the periodicity pattern},
  journal = {Networks and Heterogeneous Media},
  month   = sep,
  year    = 2014,
  volume  = 9,
  number  = 3,
  pages   = {433--451},
  note    = {\url{https://doi.org/10.3934/nhm.2014.9.433}}
}

% Also appeared as Institute of Mathematics, University of Basel, Preprint No. 2013-15 in May, 2013.
@Article{Grote_2014,
  author  = {Marcus J. Grote and Johannes Huber and Drosos Kourounis and Olaf Schenk},
  title   = {{Inexact interior-point method for PDE-constrained nonlinear optimization}},
  journal = {SIAM Journal on Scientific Computing},
  year    = 2014,
  volume  = 36,
  number  = 3,
  pages   = {A1251--A1276},
  note    = {\url{https://doi.org/10.1137/130921283}}
}

% https://www.researchgate.net/publication/266615909_Modelling_of_Transient_Fission_Gas_Behaviour_in_Oxide_Fuel_and_Application_to_the_BISON_Code
@InProceedings{Pastore_2014,
  author    = {G. Pastore and D. Pizzocri and J. D. Hales and S. R. Novascone and D. M. Perez and B. W. Spencer and R. L. Williamson and P. {Van Uffelen} and L. Luzzi},
  title     = {{Modelling of transient fission gas behaviour in oxide fuel and application to the BISON code}},
  booktitle = {{38th Enlarged Halden Programme Group (EHPG) Meeting}},
  address   = {R{\o}ros, Norway},
  month     = sep # {~7--12,},
  year      = 2014,
  note      = {\url{https://tinyurl.com/j5348ws}}
}

% IBAMR
@Article{Gao_2014c,
  author  = {Hao Gao and Xingshuang Ma and Nan Qi and Colin Berry and Boyce E. Griffith and Xiaoyu Luo},
  title   = {A finite strain nonlinear human mitral valve model with fluid-structure interaction},
  journal = {International Journal for Numerical Methods in Biomedical Engineering},
  month   = dec,
  year    = 2014,
  volume  = 30,
  number  = 12,
  pages   = {1597--1613},
  note    = {\url{https://doi.org/10.1002/cnm.2691}}
}

% IBAMR
@Article{Gao_2014b,
  author  = {Hao Gao and David Carrick and Colin Berry and Boyce E. Griffith and Xiaoyu Luo},
  title   = {Dynamic finite-strain modelling of the human left ventricle in health and disease using an immersed boundary-finite element method},
  journal = {IMA Journal of Applied Mathematics},
  month   = may,
  year    = 2014,
  volume  = 79,
  number  = 5,
  pages   = {978--1010},
  note    = {\url{https://doi.org/10.1093/imamat/hxu029}}
}

% IBAMR
% Boyce says they use libmesh
@Article{Gao_2014,
  author  = {Hao Gao and Huiming Wang and Colin Berry and Xiaoyu Luo and Boyce E. Griffith},
  title   = {Quasi-static image-based immersed boundary-finite element model of left ventricle under diastolic loading},
  journal = {International Journal for Numerical Methods in Biomedical Engineering},
  year    = 2014,
  volume  = 30,
  number  = 11,
  pages   = {1199--1222},
  month   = nov,
  note    = {\url{https://doi.org/10.1002/cnm.2652}}
}

% http://www.osti.gov/scitech/biblio/1173105
@TechReport{Rose_2014,
  author      = {Michael Rose and Thomas Downar and Frederick N. Gleicher},
  title       = {{Redwing: A MOOSE application for coupling MPACT and BISON}},
  institution = {Idaho National Laboratory},
  day         = 11,
  month       = nov,
  year        = 2014,
  number      = {INL/CON-14-32800},
  note        = {\url{https://tinyurl.com/y778mvaa}}
}

% https://www.osti.gov/scitech/biblio/1235195
@TechReport{Zhang_2014b,
  author      = {Hongbin Zhang and Haihua Zhao and Ling Zou and David Andr{\v{s}} and Ray Berry and Richard Martineau},
  title       = {{RELAP-7 user's guide}},
  institution = {Idaho National Laboratory},
  month       = dec,
  year        = 2014,
  number      = {INL/EXT-14-33977},
  note        = {\url{https://doi.org/10.2172/1235195}}
}

% https://www.osti.gov/scitech/biblio/1239866
@TechReport{Berry_2014,
  author      = {R. A. Berry and J. W. Peterson and H. Zhang and R. C. Martineau and H. Zhao and L. Zou and D. Andr{\v{s}}},
  title       = {{RELAP-7 theory manual}},
  institution = {Idaho National Laboratory},
  month       = feb,
  year        = 2014,
  number      = {INL/EXT-14-31366},
  note        = {\url{https://doi.org/10.2172/1239866}}
}

% https://www.researchgate.net/profile/Alvaro_Coutinho2/publication/268810512_PARALLEL_PRECONDITIONING_FOR_FINITE_ELEMENT_SOLUTION_OF_LEVEL_SET_PROBLEMS_A_PERFORMANCE_STUDY/links/5477613c0cf2a961e4827c11.pdf
@InProceedings{deBruycker_2014,
  author    = {Deborah R. {de Bruycker} and Jose J. Camata and Alvaro L. G. A. Coutinho},
  title     = {{Parallel preconditioning for finite element solution of level set problems: A performance study}},
  booktitle = {{Proceedings of the XXXV Iberian Latin-American Congress on Computational Methods in Engineering (CILAMCE 2014)}},
  address   = {Fortaleza, Cear{\'{a}}, Brazil},
  editor    = {E. Parente},
  month     = nov # {~23--26,},
  year      = 2014,
  note      = {\url{https://tinyurl.com/ycoqxsmf}}
}

% https://www.researchgate.net/profile/Alvaro_Coutinho2/publication/268810720_PARALLEL_ADAPTIVE_SIMULATION_OF_IMMISCIBLE_INCOMPRESSIBLE_FLUID_FLOWS_BY_A_RESIDUAL-BASED_PHASE_FIELD_MODEL/links/547762020cf293e2da26248d.pdf
@InProceedings{Rossa_2014,
  author    = {Andre L. Rossa and Daniel F. M. Vasconcelos and Alvaro L. G. A. Coutinho},
  title     = {Parallel adaptive simulation of immiscible incompressible fluid flows by a residual-based phase field model},
  booktitle = {{Proceedings of the XXXV Iberian Latin-American Congress on Computational Methods in Engineering (CILAMCE 2014)}},
  address   = {Fortaleza, Cear{\'{a}}, Brazil},
  editor    = {E. Parente},
  month     = nov # {~23--26,},
  year      = 2014,
  note      = {\url{https://tinyurl.com/y9oh3oc6}}
}

@Article{Hansen_2014,
  author  = {Jon Hansen and Jacob Peterson and Jim Morel and Jean Ragusa and Yaqi Wang},
  title   = {A least-squares transport equation compatible with voids},
  journal = {Journal of Computational and Theoretical Transport Special Issue: Papers from the 23rd International Conference on Transport Theory},
  year    = 2014,
  volume  = 43,
  number  = {1--7},
  note    = {\url{https://doi.org/10.1080/00411450.2014.927364}}
}

@TechReport{Gaston_2014b,
  author      = {Derek Gaston and John Peterson and Andrew Slaughter and Cody Permann and David Andr{\v{s}}},
  title       = {Memory optimization for phase-field simulations},
  institution = {Idaho National Laboratory},
  month       = aug,
  year        = 2014,
  number      = {INL/EXT-14-32979},
  note        = {\url{https://doi.org/10.2172/1166055}}
}

% http://www.diegomandelli.com/papers/2014/ESREL/ESREL-FULL_PAPER.pdf
@InProceedings{Alfonsi_2014,
  author    = {Andrea Alfonsi and Cristian Rabiti and Diego Mandelli and Joshua Cogliati and Robert Kinoshita and Antonio Naviglio},
  title     = {{RAVEN and dynamic probabilistic risk assessment: Software overview}},
  booktitle = {{European Safety and Reliability Conference (ESREL XXIV)}},
  address   = {Wroclaw, Poland},
  month     = sep # {~14--18,},
  year      = 2014,
  note      = {\url{https://tinyurl.com/yaerefwf}}
}

@Article{Teague_2014b,
  author  = {Melissa C. Teague and Bradley S. Fromm and Michael R. Tonks and David P. Field},
  title   = {Using coupled mesoscale experiments and simulations to investigate high burn-up oxide fuel thermal conductivity},
  journal = {Journal of the Minerals, Metals, and Materials Society (JOM)},
  month   = dec,
  year    = 2014,
  volume  = 66,
  number  = 12,
  pages   = {2569--2577},
  note    = {\url{https://doi.org/10.1007/s11837-014-1160-3}}
}

@InProceedings{Gamble_2014b,
  author    = {Kyle A. L. Gamble and Anthony F. Williams and Paul K. Chan},
  title     = {A three-dimensional analysis of the local stresses and strains at the pellet ridges in a horizontal nuclear fuel element},
  booktitle = {{Proceedings of the 22nd International Conference on Nuclear Engineering (ICONE22)}},
  address   = {Prague, Czech Republic},
  month     = jul # {~7--11,},
  year      = 2014,
  pages     = {V001T02A003 (11 pages)},
  note      = {Paper no. ICONE22-30023, {\url{https://doi.org/10.1115/ICONE22-30023}}}
}

@Article{Ryser_2014b,
  author  = {C. Ryser and M. P. L{\"{u}}thi and L. C. Andrews and G. A. Catania and M. Funk and R. Hawley and M. Hoffman and T. A. Neumann},
  title   = {{Caterpillar-like ice motion in the ablation zone of the Greenland ice sheet}},
  journal = {Journal of Geophysical Research: Earth Surface},
  year    = 2014,
  volume  = 119,
  number  = 10,
  month   = oct,
  pages   = {2258--2271},
  note    = {\url{https://doi.org/10.1002/2013JF003067}}
}

% Confirmed the authors do use libmesh
@Article{Shi_2014,
  author  = {Yi Shi and Xiao-Ping Wang},
  title   = {Modeling and simulation of dynamics of three-component flows on solid surface},
  journal = {Japan Journal of Industrial and Applied Mathematics},
  volume  = 31,
  number  = 3,
  month   = nov,
  year    = 2014,
  pages   = {611--631},
  note    = {\url{https://doi.org/10.1007/s13160-014-0151-7}}
}

@TechReport{Simunovic_2014b,
  author      = {S. Simunovic and T. M. Besmann and S. L. Voit},
  title       = {{Benchmark problem for calculating oxygen potential in high burnup LWR fuel using the Thermochimica module in MOOSE/BISON}},
  institution = {Oak Ridge National Laboratory},
  day         = 30,
  month       = sep,
  year        = 2014,
  number      = {ORNL/TM-2014/529},
  note        = {\url{https://doi.org/10.2172/1163165}}
}

% http://prod.sandia.gov/techlib/access-control.cgi/2014/1418550.pdf
@TechReport{Schmidt_2014b,
  author      = {Rodney C. Schmidt and Laura P. Swiler and Danielle M. Perez and Richard L. Williamson},
  title       = {{Sensitivity analysis of the gap heat transfer model in BISON}},
  institution = {Sandia National Laboratories},
  month       = sep,
  year        = 2014,
  number      = {SAND2014-18550},
  note        = {\url{https://tinyurl.com/y8885qsc}}
}

@Article{Kalashnikova_2014d,
  author  = {Irina Kalashnikova and Matthew F. Barone and Srinivasan Arunajatesan and Bart G. {van Bloemen Waanders}},
  title   = {Construction of energy-stable projection-based reduced order models},
  journal = {Applied Mathematics and Computation},
  month   = dec,
  year    = 2015,
  volume  = 249,
  pages   = {569--596},
  note    = {\url{https://doi.org/10.1016/j.amc.2014.10.073}}
}

% http://www.sandia.gov/~ikalash/kalash_wccm2014_final.pdf
@InProceedings{Kalashnikova_2014c,
  author    = {Irina Kalashnikova and Matthew F. Barone and Jeffrey A. Fike and Srinivasan Arunajatesan and Bart G. {van Bloemen Waanders}},
  title     = {{Energy-stable Galerkin reduced order models for nonlinear compressible flow}},
  booktitle = {{11th World Congress on Computational Mechanics (WCCM XI)}},
  address   = {Barcelona, Spain},
  month     = jul # {~22,},
  year      = 2014,
  note      = {{SAND 2014-15602PE, \url{https://tinyurl.com/ya49gsry}}}
}

@Article{Luthi_2014,
  author  = {M. P. L{\"{u}}thi and C. Ryser and L. C. Andrews and G. A. Catania and M. Funk and R. L. Hawley and M. J. Hoffman and T. A. Neumann},
  title   = {{Excess heat in the Greenland ice sheet: dissipation, temperate paleo-firn and cryo-hydrologic warming}},
  journal = {The Cryosphere Discussions},
  year    = 2014,
  volume  = 8,
  pages   = {5169--5193},
  note    = {\url{https://doi.org/10.5194/tcd-8-5169-2014}}
}

% http://permalink.lanl.gov/object/tr?what=info:lanl-repo/lareport/LA-UR-14-27758
@TechReport{Liu_2014,
  author      = {Wengfeng Liu and Robert Montgomery and Chris Stanek and Carlos Tom{\'{e}}},
  title       = {{Demonstration of atomistically-informed multiscale Zr alloy deformation models in Peregrine for normal and accident scenarios}},
  institution = {ANATECH Corporation, Pacific Northwest National Laboratory, Los Alamos National Laboratory},
  day         = 6,
  month       = oct,
  year        = 2014,
  number      = {CASL-U-2014-201-000, LA-UR-14-27758},
  note        = {\url{https://tinyurl.com/orn7ldm}}
}

@Misc{Zhang_2014,
  author       = {Zhenying Zhang and Eduard Bader and Karen Veroy},
  title        = {A duality approach to error estimation for variational inequalities},
  month        = oct,
  year         = 2014,
  howpublished = {ArXiv e-print},
  note         = {\url{http://arxiv.org/abs/1410.2095}}
}

@Article{Corsini_2014,
  author  = {A. Corsini and F. Rispoli and A. G. Sheard and K. Takizawa and T. E. Tezduyar and P. Venturini},
  title   = {A variational multiscale method for particle-cloud tracking in turbomachinery flows},
  journal = {Computational Mechanics},
  volume  = 54,
  number  = 5,
  month   = nov,
  year    = 2014,
  pages   = {1191--1202},
  note    = {\url{https://doi.org/10.1007/s00466-014-1050-0}}
}

@InProceedings{Sartori_2014,
  author    = {Alberto Sartori and Davide Baroli and Antonio Cammi and Lelio Luzzi and Gianluigi Rozza},
  title     = {A reduced order model for multi-group time-dependent parametrized reactor spatial kinetics},
  booktitle = {{Proceedings of the 22nd International Conference on Nuclear Engineering (ICONE22)}},
  address   = {Prague, Czech Republic},
  month     = jul # {~7--11,},
  year      = 2014,
  note      = {Paper no. ICONE22-30707, {\url{https://doi.org/10.1115/ICONE22-30707}}}
}

% This also appeared as ICES Tech. Report 11-30
@Article{Garg_2014,
  author  = {Vikram V. Garg and Serge Prudhomme and Kris G. {van der Zee} and Graham F. Carey},
  title   = {Adjoint-consistent formulations of slip models for coupled electroosmotic flow systems},
  journal = {Advanced Modeling and Simulation in Engineering Sciences},
  month   = dec,
  year    = 2014,
  volume  = 1,
  number  = 1,
  pages   = {15 (29 pages)},
  note    = {\url{https://doi.org/10.1186/s40323-014-0015-3}}
}

% https://www.osti.gov/scitech/biblio/1134414
@TechReport{Tonks_2014b,
  author      = {Michael R. Tonks},
  title       = {{NEAMS software V\&V plan for the MARMOT software}},
  institution = {Idaho National Laboratory},
  month       = mar,
  year        = 2014,
  number      = {INL/EXT-14-31695},
  note        = {\url{https://doi.org/10.2172/1134414}}
}

% http://info.ornl.gov/sites/publications/Files/Pub50954.pdf
@TechReport{Simunovic_2014,
  author      = {S. Simunovic and S. L. Voit and T. M. Besmann},
  title       = {{Oxygen behavior and diffusion model in LWR fuel using the Thermochimica module in MOOSE/BISON}},
  institution = {Oak Ridge National Laboratory},
  day         = 31,
  month       = jul,
  year        = 2014,
  number      = {ORNL/TM-2014/293},
  note        = {\url{https://tinyurl.com/ya8ysypm}}
}

% http://permalink.lanl.gov/object/tr?what=info:lanl-repo/lareport/LA-UR-14-27175
@TechReport{Unal_2014,
  author      = {Cetin Unal and Jack Galloway},
  title       = {{Final report on accident tolerant fuel performance analysis of APMT-steel clad/UO$_2$ fuel and APMT-steel clad/UN-U$_3$Si$_5$ fuel concepts}},
  institution = {Los Alamos National Laboratory},
  day         = 12,
  month       = sep,
  year        = 2014,
  number      = {LA-UR-14-27175},
  note        = {\url{https://tinyurl.com/yct6zdls}}
}

% "FEA tools consisted of SolidWorks Software and LibMesh, an open source finite element solver."
@Article{Cournoyer_2014,
  author  = {Michael E. Cournoyer},
  title   = {Fire modeling of an emerging fire suppression system},
  journal = {Journal of Chemical Health and Safety},
  month   = sep # {/} # oct,
  year    = 2014,
  volume  = 21,
  number  = 5,
  pages   = {8--13},
  note    = {\url{https://doi.org/10.1016/j.jchas.2014.05.011}}
}

@InCollection{Tonks_2014c,
  author    = {M. R. Tonks and B. S. Biner and Y. Zhang and R. L. Williamson and S. R. Novascone and B. W. Spencer and J. D. Hales and D. R. Gaston and C. J. Permann and D. Andr{\v{s}} and S. L. Hayes and P. C. Millett and D. Andersson and C. R. Stanek},
  title     = {Multiscale development of materials models for fuel performance simulation},
  pages     = {41--56},
  month     = apr,
  year      = 2014,
  publisher = {Idaho National Laboratory},
  booktitle = {Nuclear Fuels \& Materials Spotlight},
  volume    = 4,
  note      = {INL/EXT-14-31925, \url{https://doi.org/10.2172/1149021}}
}

@Article{Huang_2014,
  author  = {Hai Huang and Benjamin Spencer and Jason Hales},
  title   = {Discrete element method for simulation of early-life thermal fracturing behavior in ceramic nuclear fuel pellets},
  journal = {Nuclear Engineering and Design},
  month   = oct,
  year    = 2014,
  volume  = 278,
  pages   = {515--528},
  note    = {\url{https://doi.org/10.1016/j.nucengdes.2014.05.049}}
}

% http://www.maths.gla.ac.uk/~xl/phantom-heart-R1-xyl.pdf
@Article{Zhu_2014,
  author  = {Y. Zhu and X. Y. Luo and H. Gao and C. Mccomb and C. Berry},
  title   = {A numerical study of a heart phantom model},
  journal = {International Journal of Computer Mathematics},
  year    = 2014,
  volume  = 91,
  number  = 7,
  pages   = {1535--1551},
  note    = {\url{https://doi.org/10.1080/00207160.2013.854337}}
}

@InProceedings{Rabiti_2014,
  author    = {C. Rabiti and A. Alfonsi and J. Cogliati and D. Mandelli and R. Kinoshita},
  title     = {{RAVEN, A new software for dynamic risk analysis}},
  booktitle = {{Probabilistic Safety Assessment and Management (PSAM 12)}},
  address   = {Honolulu, Hawaii},
  month     = jun,
  year      = 2014,
  note      = {\url{https://www.osti.gov/biblio/1165511}}
}

% http://www.osti.gov/scitech/biblio/1149007
@TechReport{Williamson_2014,
  author      = {R. L. Williamson and J. D. Hales and D. M. Perez and S. R. Novascone and G. Pastore},
  title       = {{BISON Software V\&V Plan}},
  institution = {Idaho National Laboratory},
  day         = 1,
  month       = jul,
  year        = 2014,
  number      = {INL/EXT-14-31671},
  note        = {\url{https://doi.org/10.2172/1149007}}
}

% http://www.osti.gov/scitech/biblio/1149027
@TechReport{Berry_2014b,
  author      = {R. A. Berry and M. O. Delchini and J. Ragusa},
  title       = {{RELAP-7 numerical stabilization: Entropy viscosity method}},
  institution = {Idaho National Laboratory},
  day         = 1,
  month       = jun,
  year        = 2014,
  number      = {INL/EXT-14-32352},
  note        = {\url{https://doi.org/10.2172/1149027}}
}

% http://www.sandia.gov/~ikalash/kalash_rom_day_aug7_2014_final.pdf
@InProceedings{Kalashnikova_2014b,
  author    = {Irina Kalashnikova and Matthew F. Barone and Jeffrey A. Fike and Srinivasan Arunajatesan and Bart G. {van Bloemen Waanders}},
  title     = {Approaches for building stable projection-based reduced order models},
  booktitle = {{Reduced-Order Modeling (ROM) Workshop}},
  address   = {Livermore, California},
  publisher = {Sandia National Laboratories, SAND2014-16583PE},
  month     = aug # {~7,},
  year      = 2014,
  note      = {\url{https://tinyurl.com/y93r5b26}}
}

@Article{Prudencio_2014b,
  author  = {E. E. Prudencio and P. T. Bauman and S. V. Williams and D. Faghihi and K. Ravi-Chandar and J. T. Oden},
  title   = {Real-time inference of stochastic damage in composite materials},
  journal = {Composites Part B: Engineering},
  year    = 2014,
  volume  = 67,
  month   = nov,
  pages   = {209--219},
  note    = {\url{https://doi.org/10.1016/j.compositesb.2014.07.004}}
}

@Article{Yeniaras_2014,
  author  = {E. Yeniaras and D. T. Fuentes and S. J. Fahrenholtz and J. S. Weinberg and F. Maier and J. D. Hazle and R. J. Stafford},
  title   = {{Design and initial evaluation of a treatment planning software system for MRI-guided laser ablation in the brain}},
  journal = {International Journal of Computer Assisted Radiology and Surgery},
  month   = jul,
  year    = 2014,
  volume  = 9,
  number  = 4,
  pages   = {659--667},
  note    = {\url{https://doi.org/10.1007/s11548-013-0948-x}}
}

@Article{Ryser_2014,
  author  = {Claudia Ryser and Martin P. L{\"{u}}thi and Lauren C. Andrews and Matthew J. Hoffman and Ginny A. Catania and Robert L. Hawley and Thomas A. Neumann and Steen S. Kristensen},
  title   = {{Sustained high basal motion of the Greenland ice sheet revealed by borehole deformation}},
  journal = {Journal of Glaciology},
  year    = 2014,
  volume  = 60,
  number  = 222,
  pages   = {647--660},
  note    = {\url{https://doi.org/10.3189/2014JoG13J196}}
}

@Article{Courty_2014,
  author  = {Olivier Courty and Arthur T. Motta and Jason D. Hales},
  title   = {{Modeling and simulation of hydrogen behavior in Zircaloy-4 fuel cladding}},
  journal = {Journal of Nuclear Materials},
  year    = 2014,
  volume  = 452,
  number  = {1--3},
  pages   = {311--320},
  month   = sep,
  note    = {\url{https://doi.org/10.1016/j.jnucmat.2014.05.013}}
}

% author:vallaghe static condensation reduced basis
% http://augustine.mit.edu/methodology/papers/VP_SISC_revised_May2013.pdf
@Article{Vallaghe_2014,
  author  = {Sylvain Vallagh{\'{e}} and Anthony T. Patera},
  title   = {The static condensation reduced basis element method for a mixed-mean conjugate heat exchanger model},
  journal = {SIAM Journal on Scientific Computing},
  year    = 2014,
  volume  = 36,
  number  = 3,
  pages   = {B294--B320},
  note    = {\url{https://doi.org/10.1137/120887709}}
}

% http://arc.aiaa.org/doi/abs/10.2514/6.2014-2120
@InProceedings{Muppidi_2014,
  author    = {Suman Muppidi and Michael Barnhardt and Grant Palmer and Nagi Mansour and Michael Wright and Jean Lachaud},
  title     = {{Toward ablative material response coupling in DPLR}},
  booktitle = {{11th AIAA/ASME Joint Thermophysics and Heat Transfer Conference}},
  address   = {Atlanta, Georgia},
  month     = jun # {~16--20,},
  year      = 2014,
  note      = {\url{https://doi.org/10.2514/6.2014-2120}}
}

% http://arc.aiaa.org/doi/abs/10.2514/6.2014-2123
@InProceedings{Palmer_2014,
  author    = {Grant Palmer and Michael Barnhardt and Benjamin Kirk and Adam Amar and Yih-Kanq Chen and Nagi N. Mansour},
  title     = {{Coupled CFD-ablation response model simulations using the libMesh framework}},
  booktitle = {{11th AIAA/ASME Joint Thermophysics and Heat Transfer Conference}},
  address   = {Atlanta, Georgia},
  month     = jun # {~16--20,},
  year      = 2014,
  note      = {\url{https://doi.org/10.2514/6.2014-2123}}
}

@TechReport{Ellis_2014,
  author      = {Matthew Ellis and Javier Ortensi and Yaqi Wang and Kord Smith and Richard C. Martineau},
  title       = {{Initial RattleSnake calculations of the hot zero power BEAVRS}},
  institution = {Idaho National Laboratory},
  month       = jan,
  year        = 2014,
  number      = {INL/EXT-13-30903},
  note        = {\url{https://doi.org/10.2172/1126731}}
}

@Article{Vasconcelos_2014,
  author  = {D. F. M. Vasconcelos and A. L. Rossa and A. L. G. A. Coutinho},
  title   = {{A residual-based Allen--Cahn phase field model for the mixture of incompressible fluid flows}},
  journal = {International Journal for Numerical Methods in Fluids},
  month   = jul,
  year    = 2014,
  volume  = 75,
  number  = 9,
  pages   = {645--667},
  note    = {\url{https://doi.org/10.1002/fld.3910}}
}

% http://www.sandia.gov/~ikalash/ROM_Final_SAND_report.pdf
@TechReport{Kalashnikova_2014,
  author      = {Irina Kalashnikova and Srinivasan Arunajatesan and Matthew F. Barone and Bart G. {van Bloemen Waanders} and Jeffrey A. Fike},
  title       = {Reduced order modeling for prediction and control of large-scale systems},
  institution = {Sandia National Laboratories},
  month       = may,
  year        = 2014,
  number      = {SAND2014-4693},
  note        = {\url{https://tinyurl.com/yb2gc4vj}}
}

% They use a quadrature rule from libmesh
@Article{Schillinger_2014,
  author  = {Dominik Schillinger and Shaikh J. Hossain and Thomas J. R. Hughes},
  title   = {{Reduced B{\'{e}}zier element quadrature rules for quadratic and cubic splines in isogeometric analysis}},
  journal = {Computer Methods in Applied Mechanics and Engineering},
  year    = 2014,
  volume  = 277,
  pages   = {1--45},
  month   = aug,
  note    = {\url{https://doi.org/10.1016/j.cma.2014.04.008}}
}

@Article{Gimenez_2014,
  author  = {Juan M. Gimenez and Norberto M. Nigro and Sergio R. Idelsohn},
  title   = {Evaluating the performance of the particle finite element method in parallel architectures},
  journal = {Computational Particle Mechanics},
  year    = 2014,
  month   = may,
  volume  = 1,
  number  = 1,
  pages   = {103--116},
  note    = {\url{https://doi.org/10.1007/s40571-014-0009-4}}
}

@Article{Schmidt_2014,
  author  = {Marcus G. Schmidt and Roger A. Sauer and Ahmed E. Ismail},
  title   = {Multiscale treatment of mechanical contact problems involving thin polymeric layers},
  journal = {Modelling and Simulation in Materials Science and Engineering},
  year    = 2014,
  volume  = 22,
  pages   = {045012 (30 pages)},
  note    = {\url{https://doi.org/10.1088/0965-0393/22/4/045012}}
}

@Article{Andersson_2014,
  author  = {D. A. Andersson and P. Garcia and X.-Y. Liu and G. Pastore and M. Tonks and P. Millett and B. Dorado and D. R. Gaston and D. Andrs and R. L. Williamson and R. C. Martineau and B. P. Uberuaga and C. R. Stanek},
  title   = {{Atomistic modeling of intrinsic and radiation-enhanced fission gas (Xe) diffusion in UO$_{2\pm x}$: Implications for nuclear fuel performance modeling}},
  journal = {Journal of Nuclear Materials},
  year    = 2014,
  volume  = 451,
  number  = {1--3},
  pages   = {225--242},
  month   = aug,
  note    = {\url{https://doi.org/10.1016/j.jnucmat.2014.03.041}}
}

@Article{Hales_2014,
  author  = {J. D. Hales and S. R. Novascone and B. W. Spencer and R. L. Williamson and G. Pastore and D. M. Perez},
  title   = {{Verification of the BISON fuel performance code}},
  journal = {Annals of Nuclear Energy},
  year    = 2014,
  volume  = 71,
  month   = sep,
  pages   = {81--90},
  note    = {\url{https://doi.org/10.1016/j.anucene.2014.03.027}}
}

@Article{Nagler_2014,
  author  = {Loris Nagler and Ping Rong and Martin Schanz and Otto von Estorff},
  title   = {Sound transmission through a poroelastic layered panel},
  journal = {Computational Mechanics},
  year    = 2014,
  volume  = 53,
  number  = 4,
  pages   = {549--560},
  month   = apr,
  note    = {\url{https://doi.org/10.1007/s00466-013-0916-x}}
}

% This paper was originally accepted in 2012!
@Article{Vavourakis_2014,
  author  = {V. Vavourakis and A. Kazakidi and D. P. Tsakiris and J. A. Ekaterinaris},
  title   = {A nonlinear dynamic finite element approach for simulating muscular hydrostats},
  journal = {Computer Methods in Biomechanics and Biomedical Engineering},
  volume  = 17,
  number  = 8,
  pages   = {917--931},
  year    = 2014,
  note    = {\url{https://doi.org/10.1080/10255842.2012.723702}}
}

@Article{Short_2014,
  author  = {M. P. Short and D. Gaston and C. R. Stanek and S. Yip},
  title   = {A perspective on coupled multiscale simulation and validation in nuclear materials},
  journal = {Materials Research Society Bulletin},
  year    = 2014,
  month   = jan,
  volume  = 39,
  number  = 1,
  pages   = {71--77},
  note    = {\url{https://doi.org/10.1557/mrs.2013.315}}
}

% This is an online journal which does not have page numbers.
% This paper is article 3 from volume 1.
% http://www.amses-journal.com/content/1/1/3
@Article{Eftang_2014,
  author  = {Jens L. Eftang and Anthony T. Patera},
  title   = {A port-reduced static condensation reduced basis element method for large component-synthesized structures: approximation and \emph{a posteriori} error estimation},
  journal = {Advanced Modeling and Simulation in Engineering Sciences},
  year    = 2014,
  month   = jan,
  volume  = 1,
  number  = 3,
  note    = {\url{https://doi.org/10.1186/2213-7467-1-3}}
}

@Article{Kirk_2014,
  author  = {Benjamin S. Kirk and Roy H. Stogner and Paul T. Bauman and Todd A. Oliver},
  title   = {{Modeling hypersonic entry with the Fully-Implicit Navier--Stokes (\textsc{FIN-S}) stabilized finite element flow solver}},
  journal = {Computers \& Fluids},
  year    = 2014,
  volume  = 92,
  month   = mar,
  pages   = {281--292},
  note    = {\url{https://doi.org/10.1016/j.compfluid.2013.10.003}}
}

@Article{Neveln_2014,
  author  = {Izaak D. Neveln and Rahul Bale and Amneet Pal Singh Bhalla and Oscar M. Curet and Neelesh A. Patankar and Malcolm A. MacIver},
  title   = {Undulating fins produce off-axis thrust and flow structures},
  journal = {The Journal of Experimental Biology},
  year    = 2014,
  volume  = 217,
  number  = 2,
  pages   = {201--213},
  note    = {\url{https://doi.org/10.1242/jeb.091520}}
}

@Article{Tonks_2014,
  author  = {Michael R. Tonks and Yongfeng Zhang and Xianming Bai and Paul C. Millett},
  title   = {{Demonstrating the temperature gradient impact on grain growth in UO$_2$ using the phase field method}},
  journal = {Materials Research Letters},
  year    = 2014,
  volume  = 2,
  number  = 1,
  pages   = {23--28},
  note    = {\url{https://doi.org/10.1080/21663831.2013.849300}}
}

@Article{Teague_2014,
  author  = {Melissa Teague and Michael Tonks and Stephen Novascone and Steven Hayes},
  title   = {Microstructural modeling of thermal conductivity of high burn-up mixed oxide fuel},
  journal = {Journal of Nuclear Materials},
  year    = 2014,
  volume  = 444,
  number  = {1--3},
  pages   = {161--169},
  note    = {\url{https://doi.org/10.1016/j.jnucmat.2013.09.035}}
}

@Comment LocalWords:  Gaston multiscale jan Eftang posteriori Navier
@Comment LocalWords:  hypersonic Neveln Tonks Zhang
@Comment LocalWords:  Bai UO Teague Novascone
@Comment LocalWords:  Microstructural
