% The libmesh paper reference
@Article{libMeshPaper,
  author  = {Benjamin S. Kirk and John W. Peterson and Roy H. Stogner and Graham F. Carey},
  title   = {{\texttt{libMesh}: A C++ Library for Parallel Adaptive Mesh Refinement/Coarsening Simulations}},
  journal = {Engineering with Computers},
  volume  = 22,
  number  = {3--4},
  pages   = {237--254},
  year    = 2006,
  note    = {\url{https://doi.org/10.1007/s00366-006-0049-3}}
}





