% Papers that have full bibliographic details but we aren't positive
% that they actually use libMesh, and we can't check because they are
% behind a paywall/not on sci-hub.

% Maybe MOOSE
@Article{French_2022,
  author  = {Jarin French and Xian-Ming Bai},
  title   = {{Molecular dynamics studies of grain boundary mobility and anisotropy in BCC $\gamma$-uranium}},
  journal = {Journal of Nuclear Materials},
  month   = jul,
  year    = 2022,
  volume  = 565,
  pages   = {153744 (xx pages)},
  note    = {\url{https://doi.org/10.1016/j.jnucmat.2022.153744}}
}

% Maybe MOOSE
@Article{Stewart_2022,
  author  = {Ryan Stewart and Paolo Balestra and David Reger and Elia Merzari},
  title   = {Generation of localized reactor point kinetics parameters using coupled neutronic and thermal fluid models for pebble-bed reactor transient analysis},
  journal = {Annals of Nuclear Energy},
  month   = sep,
  year    = 2022,
  volume  = 174,
  pages   = {109143 (xx pages)},
  note    = {\url{https://doi.org/10.1016/j.anucene.2022.109143}}
}

% Maybe MOOSE
@Article{McClenny_2022,
  author  = {Levi D. McClenny and Moiz I. Butt and M. Gomaa Abdoelatef and Michal J. Pate and Kay L. Yee and R. Harikrishnan and Delia Perez-Nunez and W. Jiang and Luis H. Ortega and Sean M. McDeavitt and Karim Ahmed},
  title   = {{Experimentally validated multiphysics modeling of fracture induced by thermal shocks in sintered UO$_2$ pellets}},
  journal = {Journal of Nuclear Materials},
  month   = jul,
  year    = 2022,
  volume  = 565,
  pages   = {153719 (xx pages)},
  note    = {\url{https://doi.org/10.1016/j.jnucmat.2022.153719}}
}

% Maybe libMesh
@Article{WLiu_2022,
  author  = {Wendi Liu and Stephen M. Longshaw and Alex Skillen and David R. Emerson and Carmine Valente and Francesco Gambioli},
  title   = {A high-performance open-source solution for multiphase fluid-structure interaction},
  journal = {International Journal of Offshore and Polar Engineering},
  month   = mar,
  year    = 2022,
  volume  = 32,
  number  = 1,
  pages   = {24--30},
  note    = {\url{https://doi.org/10.17736/ijope.2022.jc844}}
}

% Maybe MOOSE
@Article{Wen_2022,
  author  = {Peng Wen and Michael R. Tonks and Simon R. Phillpot and Douglas E. Spearot},
  title   = {{The effect of stress on the migration of He gas bubbles under a thermal gradient in Fe by phase-field modeling}},
  journal = {Computational Materials Science},
  month   = jun,
  year    = 2022,
  volume  = 209,
  pages   = {111392 (xx pages)},
  note    = {\url{https://doi.org/10.1016/j.commatsci.2022.111392}}
}

% Maybe MOOSE
@Article{Fei_2022,
  author  = {T. Fei and K. Mo and Y. Miao and C. Forsyth and R. Hu and S. Bhattacharya and T. Kim},
  title   = {Conceptual core design of the molten metal fueled microreactor with self-regulating capability},
  journal = {Annals of Nuclear Energy},
  month   = aug,
  year    = 2022,
  volume  = 173,
  pages   = {109112 (xx pages)},
  note    = {\url{https://doi.org/10.1016/j.anucene.2022.109112}}
}

% Maybe MOOSE
@Article{Bhuiyan_2022,
  author  = {M. Nabil Bhuiyan and Najwa Jabir and Yiliang Liao and Leslie T. Mushongera},
  title   = {Interaction of grain boundaries and particles in uncooperative migration},
  journal = {Advanced Engineering Materials},
  month   = mar,
  year    = 2022,
  volume  = 24,
  number  = 3,
  pages   = {2100881 (xx pages)},
  note    = {\url{https://doi.org/10.1002/adem.202100881}}
}

% Maybe MOOSE
@Article{Valencia_2022,
  author  = {Felipe J. Valencia and Robinson Ortega and Rafael I. Gonz{\'{a}}lez and Eduardo M. Bringa and Miguel Kiwi and Carlos J. Ruestes},
  title   = {{Nanoindentation of nanoporous tungsten: A molecular dynamics approach}},
  journal = {Computational Materials Science},
  month   = jun,
  year    = 2022,
  volume  = 209,
  pages   = {111336 (xx pages)},
  note    = {\url{https://doi.org/10.1016/j.commatsci.2022.111336}}
}

% Maybe MOOSE
@Article{Vazhappilly_2022,
  author  = {Tijo Vazhappilly and Arup Kumar Pathak},
  title   = {{Structure, mechanical and thermo-physical properties of lanthanide fission product doped UO$_2$ in U(V) state: A density functional study}},
  journal = {Solid State Communications},
  month   = may,
  year    = 2022,
  volume  = 347,
  pages   = {114739 (xx pages)},
  note    = {\url{https://doi.org/10.1016/j.ssc.2022.114739}}
}

% Maybe MOOSE
@Article{Rezwan_2022,
  author  = {Aashique A. Rezwan and Daniel Schwen and Yongfeng Zhang},
  title   = {{Effect of concurrent grain growth on radiation-induced segregation in nanocrystalline Fe-Cr-Ni alloys}},
  journal = {Journal of Nuclear Materials},
  month   = may,
  year    = 2022,
  volume  = 563,
  pages   = {153614 (xx pages)},
  note    = {\url{https://doi.org/10.1016/j.jnucmat.2022.153614}}
}

% Maybe MOOSE
@Article{BLiu_2022,
  author  = {Baokun Liu and Yingjie Wu and Han Zhang and Jiong Guo and Fu Li},
  title   = {{A Newton--Krylov method with dense row decomposition for steady-state neutronics/thermal-hydraulics problems}},
  journal = {Progress in Nuclear Energy},
  month   = may,
  year    = 2022,
  volume  = 147,
  pages   = {104188 (xx pages)},
  note    = {\url{https://doi.org/10.1016/j.pnucene.2022.104188}}
}

% Maybe MOOSE/phase_field
@Article{Smith_2022,
  author  = {Charlyne A. Smith and Sudipta Biswas and Brandon D. Miller and Boopathy Kombaiah and David Fraser and Dennis D. Keiser and Assel Aitkaliyeva},
  title   = {{High burnup structure formation in U-Mo fuels}},
  journal = {Journal of Nuclear Materials},
  month   = may,
  year    = 2022,
  volume  = 563,
  pages   = {153617 (xx pages)},
  note    = {\url{https://doi.org/10.1016/j.jnucmat.2022.153617}}
}

% Maybe MOOSE/phase_field
@Article{Chen_2022,
  author  = {Weiming Chen and Xian-Ming Bai},
  title   = {{Mesoscale modeling of microstructure-dependent thermal conductivity in U-Zr fuels}},
  journal = {Journal of Nuclear Materials},
  month   = apr,
  year    = 2022,
  volume  = 562,
  pages   = {153593 (xx pages)},
  note    = {\url{https://doi.org/10.1016/j.jnucmat.2022.153593}}
}

% Maybe MOOSE
@Article{Basaula_2022,
  author  = {Dharma Basaula and Mohamad Daeipour and Lukasz Kuna and John Mangeri and Boris Feygelson and Serge Nakhmanson},
  title   = {Towards modeling thermoelectric properties of anisotropic polycrystalline materials},
  journal = {Acta Materialia},
  month   = apr,
  year    = 2022,
  volume  = 228,
  pages   = {117743 (xx pages)},
  note    = {\url{https://doi.org/10.1016/j.actamat.2022.117743}}
}

% Maybe MOOSE
@Article{Kumar_2022,
  author  = {Anil Kumar and Roger Hu and Stuart D. C. Walsh},
  title   = {Development of reduced order hydro-mechanical models of fractured media},
  journal = {Rock Mechanics and Rock Engineering},
  month   = jan,
  year    = 2022,
  volume  = 55,
  number  = 1,
  pages   = {235--248},
  note    = {\url{https://doi.org/10.1007/s00603-021-02668-9}}
}

% Maybe MOOSE
@Article{XZhou_2022,
  author  = {Xiandong Zhou and Zhen Liu and Bai-Xiang Xu},
  title   = {{Influence of dislocations on domain walls in perovskite ferroelectrics: Phase-field simulation and driving force calculation}},
  journal = {International Journal of Solids and Structures},
  month   = mar,
  year    = 2022,
  volume  = 238,
  pages   = {111391 (xx pages)},
  note    = {\url{https://doi.org/10.1016/j.ijsolstr.2021.111391}}
}

% Maybe libMesh
@InProceedings{Akhukov_2021,
  author    = {Mikhail Akhukov and Daria Guseva and Andrey Kniznik and Pavel Komarov and Vladimir Rudyak and Denis Shirabaykin and Anton Skomorokhov and Sergey Trepalin and Boris Potapkin},
  title     = {{Multicomp: Software package for multiscale simulations}},
  booktitle = {{7th Russian Supercomputing Days (RuSCDays 2021)}},
  address   = {Moscow, Russia},
  editor    = {Vladimir Voevodin and Sergey Sobolev},
  pages     = {174--185},
  month     = sep # {~27--28,},
  year      = 2021,
  note      = {\url{https://doi.org/10.1007/978-3-030-92864-3_14}}
}

% Maybe MOOSE
@Article{XiafengZhou_2022,
  author  = {Xiafeng Zhou and Changming Zhong and Yangyi Zhang},
  title   = {{Jacobian-free Newton Krylov two-node coarse mesh finite difference based on nodal expansion method for multiphysics coupled models}},
  journal = {Annals of Nuclear Energy},
  month   = apr,
  year    = 2022,
  volume  = 168,
  pages   = {108915 (xx pages)},
  note    = {\url{https://doi.org/10.1016/j.anucene.2021.108915}}
}

% Maybe libmesh
@Article{JZhang_2021,
  author  = {Jiaming Zhang and Peizhen Huang},
  title   = {Phase field simulation of the void destabilization and splitting processes in interconnects under electromigration induced surface diffusion},
  journal = {Modelling and Simulation in Materials Science and Engineering},
  month   = dec,
  year    = 2021,
  volume  = 30,
  number  = 1,
  pages   = {015003 (xx pages)},
  note    = {\url{https://doi.org/10.1088/1361-651X/ac35f7}}
}

% Maybe MOOSE
@Article{BoWang_2022,
  author  = {Bo Wang and Katerina E. Aifantis},
  title   = {{Probing the effect of surface parameters and particle size in the diffusion-induced stress of electrodes during lithium insertion}},
  journal = {International Journal of Mechanical Sciences},
  month   = feb,
  year    = 2022,
  volume  = 215,
  pages   = {106917 (xx pages)},
  note    = {\url{https://doi.org/10.1016/j.ijmecsci.2021.106917}}
}

% Maybe MOOSE
@Article{Ladshaw_2022,
  author  = {Austin Ladshaw and Josh Pihl},
  title   = {{Measurement and modeling of the effects of exhaust composition and hydrothermal aging on the ammonia storage capacity of a commercial Cu-SSZ-13 catalyst}},
  journal = {Applied Catalysis B: Environmental},
  month   = apr,
  year    = 2022,
  volume  = 303,
  pages   = {120898 (xx pages)},
  note    = {\url{https://doi.org/10.1016/j.apcatb.2021.120898}}
}

% Maybe MOOSE
@Article{Dominesey_2022,
  author  = {Kurt A. Dominesey and Wei Ji},
  title   = {{Reduced-order modeling of neutron transport separated in energy by Proper Generalized Decomposition with applications to nuclear reactor physics}},
  journal = {Journal of Computational Physics},
  month   = jan,
  year    = 2022,
  volume  = 449,
  pages   = {110744 (xx pages)},
  note    = {\url{https://doi.org/10.1016/j.jcp.2021.110744}}
}

% Maybe MOOSE
@Article{XiafengZhou_2021,
  author  = {Xiafeng Zhou and Dengying Wang and Fu Li},
  title   = {{Jacobian-free Newton Krylov nodal expansion method in three-dimensional cylindrical coordinates}},
  journal = {Annals of Nuclear Energy},
  month   = nov,
  year    = 2021,
  volume  = 166,
  pages   = {108825 (xx pages)},
  note    = {\url{https://doi.org/10.1016/j.anucene.2021.108825}}
}

% Maybe MOOSE
@Article{Khaledi_2021,
  author  = {Kavan Khaledi and Pooya Hamdi and Lisa Winhausen and Mohammadreza Jalali and David Jaeggi and Florian Amann},
  title   = {Unloading induced absolute negative pore pressures in a low permeable clay shale},
  journal = {Engineering Geology},
  month   = dec,
  year    = 2021,
  volume  = 295,
  pages   = {106451 (xx pages)},
  note    = {\url{https://doi.org/10.1016/j.enggeo.2021.106451}}
}

% Maybe MOOSE
% https://www.proquest.com/openview/8a568c10d9a1209d0f9b7265d0adf432/1?pq-origsite=gscholar&cbl=18750&diss=y
@phdthesis{QChen_thesis,
  author = {Qiao Chen},
  school = {Stony Brook University},
  title  = {{Multilevel and hybrid incomplete factorization preconditioners for indefinite and singular systems from PDEs}},
  note   = {\url{https://tinyurl.com/3zwv4dms}},
  month  = aug,
  year   = 2021
}

% Maybe MOOSE
@Article{CJiang_2021,
  author  = {Chao Jiang and Larry K. Aagesen and David Andersson and Christopher Matthews and Fergany Badry},
  title   = {{Bulk and surface diffusion of neodymium in alpha-uranium: \emph{Ab initio} calculations and kinetic Monte Carlo simulations}},
  journal = {Journal of Nuclear Materials},
  month   = dec,
  year    = 2021,
  volume  = 557,
  pages   = {153307 (xx pages)},
  note    = {\url{https://doi.org/10.1016/j.jnucmat.2021.153307}}
}

% Maybe MOOSE
@Article{Deng_2021,
  author  = {Ying-Yuan Deng and Can Guo and Jin-Cheng Wang and Qian Liu and Yu-Ping Zhao and Qing Yang},
  title   = {Phase-field study of spinodal decomposition under the effect of grain boundary},
  journal = {Chinese Physics B},
  month   = aug,
  volume  = 30,
  number  = 8,
  pages   = {088101 (xx pages)},
  year    = 2021,
  note    = {\url{https://doi.org/10.1088/1674-1056/abea9b}}
}

% Maybe libMesh
@InProceedings{Arsalane_2021,
  author    = {Walid Arsalane and Manav Bhatia},
  title     = {Structural sizing of thermally stressed hat-stiffened panels},
  booktitle = {{Proceedings of the AIAA Aviation 2021 Forum}},
  address   = {Virtual Event},
  pages     = {AIAA 2021-3092 (xx pages)},
  month     = aug # {~2--6,},
  year      = 2021,
  note      = {Session: Design Optimization of Complex Engineered Systems, \url{https://doi.org/10.2514/6.2021-3092}}
}

% Maybe MOOSE
@Article{Javanmard_2021,
  author  = {Hoda Javanmard and Anozie Ebigbo and Stuart D. C. Walsh and Martin O. Saar and Daniel Vogler},
  title   = {{No-Flow Fraction (NFF) permeability model for rough fractures under normal stress}},
  journal = {Water Resources Research},
  month   = mar,
  year    = 2021,
  volume  = 57,
  number  = 3,
  pages   = {e2020WR029080 (xx pages)},
  note    = {\url{https://doi.org/10.1029/2020WR029080}}
}

% Maybe libMesh/MAST
@InProceedings{Bhatia_2021,
  author    = {Manav Bhatia},
  title     = {{$h$-adaptive topology optimization of thermally loaded structures}},
  booktitle = {{Proceedings of the AIAA Scitech 2021 Forum}},
  address   = {Virtual Event},
  pages     = {AIAA 2021-1891 (xx pages)},
  month     = jan # {~11--15 \& 19--21,},
  year      = 2021,
  note      = {Session: Shape and Topology Optimization III, \url{https://doi.org/10.2514/6.2021-1891}}
}

% Maybe MOOSE
% https://search.proquest.com/openview/869cede220229368429ee1dfd1ecfe0f/1
@phdthesis{Ke_thesis,
  author = {Hang Ke},
  school = {Clarkson University},
  title  = {Atomistically informed multiscale modeling of metallic nanofoams},
  note   = {\url{https://tinyurl.com/y68ukp5a}},
  month  = oct,
  year   = 2020
}

% Maybe MOOSE
% Paper is in Japanese
% Special Issue (electronic circuit packaging technology and packaging materials technology Issue)
% "IEICE Journal C" is "Archive : C - Abstracts of JPN Edition" so there is no English version of this paper.
% Issue Table of Contents:
% https://search.ieice.org/bin/index.php?category=C&lang=E&vol=J103-C&num=3&abst=j
% Paper summary:
% https://search.ieice.org/bin/summary.php?id=j103-c_3_129&category=C&year=2020&lang=E&abst=j
% RG Profile of one of the authors:
% https://www.researchgate.net/profile/Kenji_Hirohata2
% Related ASME conference paper (same authors, Nov 2019):
% https://doi.org/10.1115/IMECE2019-10558
@Article{Kato_2020,
  author  = {Mitsuaki Kato and Takahiro Omori and Akihiro Goryu and Tomoya Fumikura and Kenji Hirohata},
  title   = {Evaluation of electromigration in bonding wire for power module using coupled electro-thermal-stress analysis},
  journal = {IEICE Journal C},
  month   = mar,
  year    = 2020,
  volume  = {J103-C},
  number  = 3,
  pages   = {129--136},
  note    = {\url{https://tinyurl.com/y8u9qcbw}}
}

% Maybe MOOSE
% Same authors as in Kato_2020
@InProceedings{Kato_2020b,
  author    = {Mitsuaki Kato and Takahiro Omori and Akihiro Goryu and Tomoya Fumikura and Kenji Hirohata},
  title     = {Electromigration analysis of solder joints for power modules using an electrical-thermal-stress coupled model},
  booktitle = {{Proceedings of the ASME 2020 International Technical Conference and Exhibition on Packaging and Integration of Electronic and Photonic Microsystems}},
  address   = {Virtual, Online},
  pages     = {V001T07A004 (9 pages)},
  month     = oct # {~27--29,},
  year      = 2020,
  note      = {\url{https://doi.org/10.1115/IPACK2020-2556}}
}

% 2021 edition of the conference
@InProceedings{Kato_2021,
  author    = {Mitsuaki Kato and Takahiro Omori and Akihiro Goryu and Tomoya Fumikura and Kenji Hirohata},
  title     = {Electromigration analysis of solder joints for power modules using an electrical-thermal-stress-atomic coupled model},
  booktitle = {{Proceedings of the ASME 2021 International Technical Conference and Exhibition on Packaging and Integration of Electronic and Photonic Microsystems}},
  address   = {Virtual, Online},
  pages     = {V001T07A004 (10 pages)},
  month     = oct # {~26--28,},
  year      = 2021,
  note      = {\url{https://doi.org/10.1115/IPACK2021-69882}}
}
