% https://www.researchgate.net/publication/264974468_STABILIZED_SUPGPSPGLSIC_FEM_FORMULATION_USING_LIBMESH
@InProceedings{Rossa_2009,
  author    = {Andr{\'{e}} L. Rossa and Jos{\'{e}} J. Camata and Alvaro L. G. A. Coutinho},
  title     = {{Stabilized SUPG/PSPG/LSIC FEM formulation using LibMesh}},
  booktitle = {{Proceedings of the XXX Iberian Latin-American Congress on Computational Methods in Engineering (CILAMCE 2009)}},
  address   = {Arma{\c{c}}{\~{a}}o dos B\'{u}zios, Rio de Janeiro, Brazil},
  month     = nov # {~8--11,},
  year      = 2009,
  note      = {\url{https://tinyurl.com/y9h7jdvx}}
}

% https://tel.archives-ouvertes.fr/tel-00453696v2
@phdthesis{Petrau_2009,
  author = {Agn{\`{e}}s P{\'{e}}trau},
  school = {Universit{\'{e}} de Pau et des Pays de l'Adour},
  title  = {{Multidimensional numerical simulation of estuarian river flows}},
  note   = {\url{https://tinyurl.com/y8fl6n8e}},
  month  = dec,
  year   = 2009
}

% The date here is just a guess...
% http://www.maths.gla.ac.uk/~xl/posters/poster-yzhu-xyl.pdf
@Misc{Zhu_2009,
  author       = {Yunfei Zhu and Xiaoyu Luo and Raymond Ogden},
  title        = {Three-dimensional nonlinear analysis of axisymmetric deformation of elastic cylindrical tubes},
  year         = 2009,
  howpublished = {Poster, \url{https://tinyurl.com/ycynoktz}}
}

% http://arc.aiaa.org/doi/abs/10.2514/6.2009-730
@InProceedings{Kirk_2009b,
  author    = {Benjamin S. Kirk},
  title     = {The influence of shock layer instability on surface heat transfer in hypervelocity flows and its relevance in planetary entry vehicle design},
  booktitle = {{47th AIAA Aerospace Sciences Meeting}},
  address   = {Orlando, Florida},
  month     = jan # {~5--8,},
  year      = 2009,
  note      = {Paper no. AIAA 2009-730, \url{https://doi.org/10.2514/6.2009-730}}
}

% The full talk/paper does not seem to be online.
% Conference Proceedings TOC: http://toc.proceedings.com/05924webtoc.pdf
% Session 3A: Multi-physics and Multi-discipline Simulation Methods I
% p. 224
@Conference{Gaston_2009c,
  author    = {D. Gaston and G. Hansen and C. Newman},
  title     = {{MOOSE: A parallel computational framework for coupled systems of nonlinear equations}},
  booktitle = {International Conference on Mathematics, Computational Methods \& Reactor Physics (M\&C 2009)},
  address   = {Saratoga Springs, New York},
  month     = may # {~3--7,},
  year      = 2009,
  note      = {\url{https://tinyurl.com/y3ypn3l4}}
}

% https://www.researchgate.net/profile/Samet_Kadioglu2/publication/280978501_TIGHTLY_COUPLED_MULTIPHYSICS_SIMULATIONS_FOR_PEBBLE_BED_REACTORS/links/55cf756d08ae118c85c00a3b.pdf
@Conference{Park_2009,
  author    = {H. Park and D. Gaston and S. Kadioglu and D. Knoll and R. Martineau and W. Taitano and D. Lebrun-Grandi{\'{e}}},
  title     = {Tightly coupled multiphysics simulations for pebble bed reactors},
  booktitle = {International Conference on Mathematics, Computational Methods \& Reactor Physics (M\&C 2009)},
  address   = {Saratoga Springs, New York},
  month     = may # {~3--7,},
  year      = 2009,
  note      = {\url{https://tinyurl.com/zd3hbur}}
}

@Article{Abukhdeir_2009,
  author  = {Nasser Mohieddin Abukhdeir and Alejandro D. Rey},
  title   = {{Shape-dynamic growth, structure, and elasticity of homogeneously oriented spherulites in an isotropic/smectic-A mesophase transition}},
  journal = {Liquid Crystals},
  year    = 2009,
  volume  = 36,
  number  = {10--11},
  pages   = {1125--1137},
  note    = {\url{https://doi.org/10.1080/02678290902878754}}
}

@Article{Prouet_2009,
  author  = {Patrick Prouzet and Marc Odunlami and Elise Duquesne and Ahmed Boussouar},
  title   = {{Analysis and visualization of the glass eel behavior (Anguilla anguilla) in the Adour estuary and estimate of its upstream migration speed}},
  journal = {Aquatic Living Resources},
  month   = dec,
  year    = 2009,
  volume  = 22,
  number  = 4,
  pages   = {525--534},
  note    = {\url{https://doi.org/10.1051/alr/2009041}}
}

% https://www.researchgate.net/profile/Daniel_Segalman2/publication/255213464_Reduced_order_modeling_of_fluidstructure_interaction/links/544445050cf2e6f0c0fb9ea3.pdf
% https://www.osti.gov/biblio/974411
@TechReport{Barone_2009b,
  author      = {Matthew F. Barone and Irina Kalashnikova and Matthew R. Brake and Daniel J. Segalman},
  title       = {Reduced order modeling of fluid/structure interaction},
  institution = {Sandia National Laboratories},
  month       = sep,
  year        = 2009,
  number      = {SAND2009-7189},
  note        = {\url{https://doi.org/10.2172/974411}}
}

@Article{Blome_2009,
  author  = {M. Blome and H. R. Maurer and K. Schmidt},
  title   = {{Advances on 3D geoelectric forward solver techniques}},
  journal = {Geophysical Journal International},
  month   = mar,
  year    = 2009,
  volume  = 176,
  number  = 3,
  pages   = {740--752},
  note    = {\url{https://doi.org/10.1111/j.1365-246X.2008.04006.x}}
}

@Article{Class_2009,
  author  = {H. Class and others},
  title   = {{A benchmark study on problems related to CO$_2$ storage in geologic formations}},
  journal = {Computational Geosciences},
  month   = dec,
  year    = 2009,
  volume  = 13,
  number  = 4,
  pages   = {409--434},
  note    = {\url{https://doi.org/10.1007/s10596-009-9146-x}}
}

@Article{Knezevic_2009d,
  author  = {David J. Knezevic and Endre S{\"{u}}li},
  title   = {A heterogeneous alternating-direction method for a micro-macro dilute polymeric fluid model},
  journal = {European Series in Applied and Industrial Mathematics: Mathematical Modelling and Numerical Analysis},
  month   = nov,
  year    = 2009,
  volume  = 43,
  number  = 6,
  pages   = {1117--1156},
  note    = {\url{https://doi.org/10.1051/m2an/2009034}}
}

@Article{Lu_2009b,
  author  = {Yujie Lu and Arion F. Chatziioannou},
  title   = {A parallel adaptive finite element method for the simulation of photon migration with the radiative-transfer-based model},
  journal = {Communications in Numerical Methods in Engineering},
  month   = jun,
  year    = 2009,
  volume  = 25,
  number  = 6,
  pages   = {751--770},
  note    = {\url{https://doi.org/10.1002/cnm.1167}}
}

@Article{AufderMaur_2009b,
  author  = {Matthias {Auf der Maur} and Michael Povolotskyi and Fabio Sacconi and Alessandro Pecchia and Giuseppe Romano and Gabriele Penazzi and Aldo {Di Carlo}},
  title   = {{TiberCAD: towards multiscale simulation of optoelectronic devices}},
  journal = {Optical and Quantum Electronics},
  year    = 2009,
  volume  = 40,
  number  = 14,
  pages   = {1077--1083},
  note    = {\url{https://doi.org/10.1007/s11082-009-9272-7}}
}

@InProceedings{AufderMaur_2009,
  author    = {M. {Auf der Maur} and M. Povolotskyi and F. Sacconi and G. Romano and G. Penazzi and A. Pecchia and A. {Di Carlo}},
  title     = {{Multiscale-multiphysics simulation of nanostructured devices: The TiberCAD project}},
  booktitle = {{13th International Workshop on Computational Electronics (IWCE '09)}},
  address   = {Beijing, China},
  publisher = {Institute of Electrical and Electronic Engineers (IEEE)},
  month     = may # {~27--29,},
  year      = 2009,
  note      = {\url{https://doi.org/10.1109/IWCE.2009.5091126}}
}

% libMesh
% "... volumetric meshes were automatically generated for the solution
% of the incompressible Navier-Stokes equations by means of a
% validated in-house solver [4]"
% (The reference [4] describes the implementation in libMesh.)
@InProceedings{Antiga_2009,
  author    = {L. Antiga and R. N. Planken and K. {Van Canneyt} and L. Botti and A. Caroli and B. Ene-Iordache and J. Tordoir and P. Verdonck and A. Remuzzi},
  title     = {Non-linear resistance associated to complex geometry at high flow rates in vascular access for hemodialysis},
  booktitle = {{World Congress on Medical Physics and Biomedical Engineering}},
  address   = {Munich, Germany},
  editor    = {Olaf D{\"{o}}ssel and Wolfgang C. Schlegel},
  pages     = {543--546},
  month     = sep # {~7--12,},
  year      = 2009,
  note      = {\url{https://doi.org/10.1007/978-3-642-03885-3_151}}
}

@InCollection{Knezevic_2009,
  author    = {David J. Knezevic and Endre S{\"{u}}li},
  title     = {A deterministic multiscale approach for simulating dilute polymeric fluids},
  booktitle = {Lecture Notes in Computational Science and Engineering, BAIL 2008 -- Boundary and Interior Layers},
  publisher = {Springer},
  pages     = {23--38},
  year      = 2009,
  volume    = 69,
  note      = {\url{https://doi.org/10.1007/978-3-642-00605-0}}
}

@Article{Lu_2009,
  author  = {Yujie Lu and Hidevaldo B. Machado and Ali Douraghy and David Stout and Harvey Herschman and Arion F. Chatziioannou},
  title   = {Experimental bioluminescence tomography with fully parallel radiative-transfer-based reconstruction framework},
  journal = {Optics Express},
  year    = 2009,
  volume  = 17,
  number  = 19,
  pages   = {16681--16695},
  note    = {\url{https://doi.org/10.1364/OE.17.016681}}
}

@Article{Xu_2009,
  author  = {Dong Xu and Jernej Stare and Andrew L. Cooksy},
  title   = {Solving the vibrational {S}chr{\"{o}}dinger equation on an arbitrary multidimensional potential energy surface by the finite element method},
  journal = {Computer Physics Communications},
  month   = nov,
  year    = 2009,
  volume  = 180,
  number  = 11,
  pages   = {2079--2094},
  note    = {\url{https://doi.org/10.1016/j.cpc.2009.06.010}, San Diego State University Computational Science Research Center Tech. Rep CSRCR2008-26}
}

% http://www.enea.it/it/Ricerca_sviluppo/documenti/ricerca-di-sistema-elettrico/nucleare-fissione/reattori-innovativi/rse84.pdf
@TechReport{Polidori_2009,
  author      = {Massimiliano Polidori},
  title       = {{Set up and preliminary assessment of a 3D numerical model for the thermo-fluid dynamics analysis of an open square lattice core of a lead cooled reactor}},
  institution = {Ente per le Nuove tecnologie, l'Energia e l'Ambiente (ENEA)},
  number      = {RSE/2009/84},
  year        = 2009,
  month       = mar,
  note        = {\url{https://tinyurl.com/p7wrtmj}}
}

@Article{Gaston_2009b,
  author  = {Derek Gaston and Chris Newman and Glen Hansen and Damien Lebrun-Grandi{\'{e}}},
  title   = {{MOOSE}: A parallel computational framework for coupled systems of nonlinear equations},
  journal = {Nuclear Engineering and Design},
  month   = oct,
  year    = 2009,
  volume  = 239,
  number  = 10,
  pages   = {1768--1778},
  note    = {\url{https://doi.org/10.1016/j.nucengdes.2009.05.021}}
}

@Article{Jones_2009,
  author  = {I. A. Jones and W. Ruijter and A. C. Long},
  title   = {A novel tetrahedral element for static and dynamic analysis of laminated composites},
  journal = {Journal of Physics: Conference Series},
  year    = 2009,
  volume  = 181,
  pages   = {012042 (8 pages)},
  note    = {\url{https://doi.org/10.1088/1742-6596/181/1/012042}, 7th International Conference on Modern Practice in Stress and Vibration Analysis, 8--10 September 2009, Murray Edwards College, Cambridge, UK}
}

@Conference{Mahadevan_2009,
  author    = {Vijay Mahadevan and Jean C. Ragusa and Vincent Mousseau},
  title     = {{Verification of multiphysics software: Space and time convergence studies for nonlinearly coupled applications}},
  booktitle = {International Conference on Mathematics, Computational Methods \& Reactor Physics (M\&C 2009)},
  address   = {Saratoga Springs, New York},
  month     = may # {~3--7,},
  year      = 2009,
  note      = {\url{https://www.osti.gov/biblio/957534}, INL/CON-09-15514}
}

@Article{Gaston_2009,
  author  = {D. Gaston and G. Hansen and S. Kadioglu and D. A. Knoll and C. Newman and H. Park and C. Permann and W. Taitano},
  title   = {Parallel multiphysics algorithms and software for computational nuclear engineering},
  journal = {Journal of Physics: Conference Series},
  volume  = 180,
  pages   = {012012 (10 pages)},
  year    = 2009,
  note    = {\url{https://doi.org/10.1088/1742-6596/180/1/012012}, SciDAC 2009, 14--18 June 2009, San Diego, California, USA}
}

% https://www.igsoc.org/journal/55/193/t08J121.pdf
@Article{Luethi2009,
  author  = {Martin P. L{\"{u}}thi},
  title   = {Transient response of idealized glaciers to climate variations},
  journal = {Journal of Glaciology},
  year    = 2009,
  number  = 193,
  volume  = 55,
  pages   = {918--930},
  note    = {\url{https://doi.org/10.3189/002214309790152519}}
}

@Article{Valli_2009,
  author  = {A. M. P. Valli and R. N. Elias and G. F. Carey and A. L. G. A. Coutinho},
  title   = {{PID adaptive control of incremental and arclength continuation in nonlinear applications}},
  journal = {International Journal for Numerical Methods in Fluids},
  year    = 2009,
  volume  = 61,
  number  = 11,
  pages   = {1181--1200},
  note    = {\url{https://doi.org/10.1002/fld.1998}}
}

@Article{Barone_2009,
  author  = {Matthew F. Barone and Irina Kalashnikova and Daniel J. Segalman and Heidi K. Thornquist},
  title   = {{Stable Galerkin reduced order models for linearized compressible flow}},
  journal = {Journal of Computational Physics},
  month   = apr,
  year    = 2009,
  volume  = 228,
  number  = 6,
  pages   = {1932--1946},
  note    = {\url{https://doi.org/10.1016/j.jcp.2008.11.015}}
}

@Article{Biermann_2009,
  author  = {Jan Biermann and Otto {von Estorff} and Steffen Petersen and Christina Wenterodt},
  title   = {{Higher order finite and infinite elements for the solution of Helmholtz problems}},
  journal = {Computer Methods in Applied Mechanics and Engineering},
  month   = mar,
  year    = 2009,
  volume  = 198,
  number  = {13--14},
  pages   = {1171--1188},
  note    = {\url{https://doi.org/10.1016/j.cma.2008.11.009}}
}

@Article{Kirk_2009,
  author  = {Benjamin S. Kirk},
  title   = {Multidimensional assessment of modeling error in typical high-speed wind-tunnel heat-transfer data-reduction schemes},
  journal = {AIAA Journal of Thermophysics and Heat Transfer},
  month   = jan,
  year    = 2009,
  volume  = 23,
  number  = 1,
  pages   = {186--191},
  note    = {\url{https://doi.org/10.2514/1.35989}}
}

@Article{Kirk_2009c,
  author  = {Benjamin S. Kirk and Graham F. Carey},
  title   = {A parallel, adaptive finite element scheme for modeling chemotactic biological systems},
  journal = {Communications in Numerical Methods in Engineering},
  month   = dec,
  year    = 2009,
  volume  = 25,
  number  = 12,
  pages   = {1162--1185},
  note    = {\url{https://doi.org/10.1002/cnm.1173}}
}

@Article{S_Lu_2009,
  author  = {S. Lu and others},
  title   = {Multiscale modeling in rodent ventricular myocytes},
  journal = {IEEE Engineering in Medicine and Biology Magazine},
  month   = mar,
  year    = 2009,
  volume  = 28,
  number  = 2,
  pages   = {46--57},
  note    = {\url{https://doi.org/10.1109/MEMB.2009.931787}}
}

@Comment LocalWords:  Kadioglu Martineau Taitano multiphysics booktitle smectic
@Comment LocalWords:  Saratoga Abukhdeir spherulites Prouet Grandie
@Comment LocalWords:  mesophase Prouzet Odunlami Duquesne dec Gaston
@Comment LocalWords:  Boussouar anguilla Adour TechReport sep Valli
@Comment LocalWords:  Barone Kalashnikova Sandia Blome li nov
@Comment LocalWords:  geoelectric Geosciences Knezevic Auf th
@Comment LocalWords:  AufderMaur der Maur Povolotskyi Sacconi
@Comment LocalWords:  Pecchia Penazzi TiberCAD multiscale Ene
@Comment LocalWords:  InProceedings nanostructured IWCE IEEE Springer
@Comment LocalWords:  Antiga Planken Canneyt Botti Caroli de
@Comment LocalWords:  Iordache Tordoir Verdonck Remuzzi ssel
@Comment LocalWords:  hemodialysis Schlegel InCollection tica
@Comment LocalWords:  Douraghy Herschman bioluminescence CMAF
@Comment LocalWords:  Barbarosie microstructure Centro Matem
@Comment LocalWords:  Aplica Fundamentais Pre Xu chr dinger Modelling
@Comment LocalWords:  Polidori Thermo Ente le Nuove l'Energia
@Comment LocalWords:  tecnologie l'Ambiente ENEA RSE Nucleare
@Comment LocalWords:  fissione Lebrun Grandi Ruijter Mousseau
@Comment LocalWords:  Mahadevan nonlinearly Permann Luethi radiative
@Comment LocalWords:  thi Coutinho PID arclength Galerkin apr
@Comment LocalWords:  issn Biermann von Estorff Wenterodt jan
@Comment LocalWords:  AIAA Thermophysics chemotactic Myocytes
@Comment LocalWords:  optoelectronic Biomedical
@Comment LocalWords:  vibrational Glaciology
@Comment LocalWords:  linearized
