% Preprints

% Maybe MOOSE
@Article{Wu_2022,
  author  = {W. Wu and U. R. Kattner and C. E. Campbell and J. E. Guyer and P. W. Voorhees and J. A. Warren and O. G. Heinonen},
  title   = {{Co-based superalloy morphology evolution: A phase field study based on experimental thermodynamic and kinetic data}},
  journal = {Acta Materialia},
  month   = apr,
  year    = 2022,
  pages   = {117978 (xx pages)},
  note    = {\url{https://doi.org/10.1016/j.actamat.2022.117978}}
}

% MOOSE/BISON
% "The discrete power profile map is generated by using a square mesh tally in Serpent and is then fed into BISON using a multilinear interpolation function."
@Article{Ade_2022,
  author  = {Brian J. Ade and Daniel P. Schappel and Benjamin R. Betzler and Grant W. Helmreich and Alberto Talamo and Dylan D. Richardson and Michael P. Trammel and Brian P. Jolly and Austin T. Schumacher and Kurt A. Terrani},
  title   = {{Ordered particle packing in dense TRISO/SiC fuel elements and preliminary assessment of neutronic and thermomechanical characteristics}},
  journal = {Nuclear Science and Engineering},
  month   = apr,
  year    = 2022,
  note    = {\url{https://doi.org/10.1080/00295639.2022.2049995}}
}

% MOOSE phase_field
@Article{Jiang_2022b,
  author  = {Wen Jiang and Tianchen Hu and Larry K. Aagesen and Sudipta Biswas and Kyle A. Gamble},
  title   = {{A phase-field model of quasi-brittle fracture for pressurized cracks: Application to UO$_2$ high-burnup microstructure fragmentation}},
  journal = {Theoretical and Applied Fracture Mechanics},
  month   = apr,
  year    = 2022,
  pages   = {103348 (xx pages)},
  note    = {\url{https://doi.org/10.1016/j.tafmec.2022.103348}}
}

% Maybe MOOSE
@Article{Tran_2022,
  author  = {Anh Tran and Timothy Wildey and Jing Sun and Dehao Liu and Yan Wang},
  title   = {A stochastic reduced-order model for statistical microstructure descriptors evolution},
  journal = {Journal of Computing and Information Science in Engineering},
  month   = apr,
  year    = 2022,
  pages   = {JCISE-21-1332 (18 pages)},
  note    = {\url{https://doi.org/10.1115/1.4054237}}
}

% MOOSE
% "All simulations presented here are conducted using MOOSE..."
@Article{Amorim_2022,
  author  = {Yuri Coutinho Amorim and Anil Kunwar and Nele Moelans},
  title   = {{Phase-field approach to simulate BCC-B2 phase separation in the Al$_{\textrm{n}}$CrFe$_2$Ni$_2$ medium-entropy alloy}},
  journal = {Journal of Materials Science},
  month   = mar,
  year    = 2022,
  note    = {\url{https://doi.org/10.1007/s10853-022-07058-2}}
}

% MOOSE/BISON
% "The BISON predictions exhibit trends that are generally consistent with the legacy data."
@Article{Hirschhorn_2022,
  author  = {Jacob A. Hirschhorn and Jeffrey J. Powers and Ian Greenquist and Ryan T. Sweet and Jianwei Hu and Douglas L. Porter and Douglas C. Crawford},
  title   = {{Metallic fuel performance benchmarks for Versatile Test Reactor applications}},
  journal = {Nuclear Science and Engineering},
  month   = mar,
  year    = 2022,
  pages   = {xx (25 pages)},
  note    = {\url{https://doi.org/10.1080/00295639.2022.2043539}}
}

% MOOSE
% "Source codes of MOOSE-based application NIsoS and related utilities are ... bitbucket.org/mfm_tuda/nisos.git"
% https://www.researchgate.net/publication/357249319_A_Diffuse-Interface_Model_of_Anisotropic_Interface_Thermal_Conductivity_and_its_Application_in_Thermal_Homogenization_of_Composites
% https://www.researchgate.net/publication/357449648_Supplementary_Information_of_A_diffuse-interface_model_of_anisotropic_interface_thermal_conductivity_and_its_application_in_thermal_homogenization_of_composites
@Article{Yang_2022b,
  author  = {Yangyiwei Yang and Mozhdeh Fathidoost and Timileyin David Oyedeji and Prasanth Bondi and Xiandong Zhou and Herbert Egger and Bai-Xiang Xu},
  title   = {{A diffuse-interface model of anisotropic interface thermal conductivity and its application in thermal homogenization of composites}},
  journal = {Under Review, Scripta Materialia},
  month   = dec,
  year    = 2021,
  note    = {\url{https://doi.org/10.2139/ssrn.3990705}}
}

% MOOSE
% "The ... PDEs were solved using the ... (MOOSE) framework"
% https://www.researchgate.net/publication/353807294_Deep_Learning_Approach_for_Chemistry_and_Processing_History_Prediction_from_Materials_Microstructure_Application_to_Spinodal
% This article seems to have two different DOIs, see also: https://doi.org/10.2139/ssrn.3901939
@Article{Farizhandi_2021,
  author  = {Amir Abbas Kazemzadeh Farizhandi and Omar Betancourt and Mahmood Mamivand},
  title   = {{Deep learning approach for chemistry and processing history prediction from materials microstructure: Application to spinodal decomposition}},
  journal = {Scientific Reports},
  month   = aug,
  year    = 2021,
  note    = {\url{https://doi.org/10.21203/rs.3.rs-953170/v1}, ResearchGate Preprint: \url{https://tinyurl.com/mcwyphkw}}
}

% libmesh
% "The equations are considered using a Galerkin finite element discretization and are solved using libMesh..."
% ResearchGate Preprint: https://www.researchgate.net/publication/351222079_Dynamic_Mode_Decomposition_in_Adaptive_Mesh_Refinement_and_Coarsening_Simulations
@Article{Barros_2021,
  author  = {Gabriel F. Barros and Mal{\'{u}} Grave and Alex Viguerie and Alessandro Reali and Alvaro L. G. A. Coutinho},
  title   = {Dynamic mode decomposition in adaptive mesh refinement and coarsening simulations},
  journal = {Engineering with Computers},
  month   = aug,
  year    = 2021,
  note    = {\url{https://doi.org/10.1007/s00366-021-01485-6}, ArXiv e-print: \url{https://arxiv.org/abs/2104.14034}}
}

% Maybe libMesh
@Article{Cano_2021,
  author  = {Francisco Daniel P{\'{e}}rez Cano and Adri{\'{a}}n Luque Luque and Juan Jos{\'{e}} Jim{\'{e}}nez Delgado},
  title   = {{Fracture of geometric bone models. Multiscale simulation issues}},
  journal = {Computer Methods in Biomechanics and Biomedical Engineering: Imaging \& Visualization},
  month   = jan,
  year    = 2021,
  pages   = {xx (8 pages)},
  note    = {\url{https://doi.org/10.1080/21681163.2020.1867648}}
}

% SCRBE
% "To this end, a component-based reduced-order model for the UAV has been developed using
% the Akselos Integra modeling software, in collaboration with Akselos Inc"
@Article{Kapteyn_2020b,
  author  = {M. G. Kapteyn and D. J. Knezevic and D. B. P. Huynh and M. Tran and K. E. Willcox},
  title   = {Data-driven physics-based digital twins via a library of component-based reduced-order models},
  journal = {Inernational Journal for Numerical Methods in Engineering},
  month   = may,
  year    = 2020,
  note    = {\url{https://doi.org/10.1002/nme.6423}}
}
