% http://www.byui.edu/Documents/physics/Theses/Axel_SeoaneW17.pdf
@mastersthesis{Seoane_thesis,
  author = {Axel Seoane},
  school = {Brigham Young University-Idaho},
  title  = {{Implementation of orthotropic elasto-plastic model in MOOSE and pellet-cladding interaction simulations}},
  note   = {\url{https://tinyurl.com/kj2yhco}},
  month  = apr,
  type   = {{Senior thesis (Bachelor of Science)}},
  year   = 2017
}

% http://search.proquest.com/openview/18745444dc72bfa902c989755dc48939/1
@mastersthesis{Adowski_masters,
  author = {Timothy Ryan Adowski},
  school = {State University of New York at Buffalo},
  title  = {{Modeling laser absorption in low-speed reacting flows using adaptive finite elements}},
  note   = {\url{https://tinyurl.com/konjhjl}},
  month  = feb,
  year   = 2017
}

% MOOSE
@phdthesis{Wu_thesis,
  author = {Xu Wu},
  school = {University of Illinois at Urbana-Champaign},
  title  = {{Metamodel-based inverse uncertainty quantification of nuclear reactor simulators under the Bayesian framework}},
  note   = {\url{http://hdl.handle.net/2142/99335}},
  month  = dec,
  year   = 2017
}

% http://hdl.handle.net/2027.42/140807
@phdthesis{Rose_thesis,
  author = {Michael Rose},
  school = {University of Michigan},
  title  = {Multiphysics simulation of fission gas production and release in light water reactor fuel},
  note   = {\url{https://tinyurl.com/y8tncjbh}},
  month  = dec,
  year   = 2017
}

% http://trace.tennessee.edu/utk_graddiss/4646
@phdthesis{Schappel_thesis,
  author = {Daniel Philip Schappel},
  school = {University of Tennessee, Knoxville},
  title  = {{Improvements to the predictive capability of FCM fuel performance modeling}},
  note   = {\url{https://tinyurl.com/y8x3j9fh}},
  month  = aug,
  year   = 2017
}

% https://deepblue.lib.umich.edu/bitstream/handle/2027.42/138624/wanghai_1.pdf
% https://deepblue.lib.umich.edu/handle/2027.42/138624
@phdthesis{Wang_thesis,
  author = {Hai Wang},
  school = {University of Michigan},
  title  = {{Numerical analysis of structural behavior inside a pressurized-water reactor (PWR)}},
  note   = {\url{https://tinyurl.com/y7468azq}},
  month  = oct,
  year   = 2017
}

% http://www.coc.ufrj.br/index.php?option=com_content&view=article&id=8610:fabio-cesar-canesin-2&catid=593&lang=en&Itemid=244
@mastersthesis{Canesin_thesis,
  author = {F{\'{a}}bio C{\'{e}}sar Canesin},
  school = {COPPE Universidade Federal do Rio de Janeiro},
  title  = {{Time integration algorithms for parallel and adaptive solution of Navier--Stokes equations}},
  note   = {\url{https://tinyurl.com/ybh44mto}},
  month  = jun,
  year   = 2017
}

% http://digitalcommons.uconn.edu/cgi/viewcontent.cgi?article=7854&context=dissertations
@phdthesis{Mangeri_thesis,
  author = {John Mangeri},
  school = {University of Connecticut},
  title  = {Computational design of multifunctional nanodielectrics},
  note   = {\url{http://digitalcommons.uconn.edu/dissertations/1540/}},
  month  = aug,
  year   = 2017
}

% https://open.library.ubc.ca/cIRcle/collections/ubctheses/24/items/1.0354983
@mastersthesis{Hoshyari_2017,
  author = {Shayan Hoshyari},
  school = {The University of British Columbia, Vancouver},
  title  = {{A higher-order unstructured finite volume solver for three-dimensional compressible flows}},
  note   = {\url{https://tinyurl.com/y9n23cn7}},
  month  = aug,
  year   = 2017
}

% https://etd.ohiolink.edu/!etd.send_file?accession=osu1492692260084801&disposition=inline
% http://rave.ohiolink.edu/etdc/view?acc_num=osu1492692260084801
@phdthesis{Li_thesis,
  author = {Xiang Li},
  school = {The Ohio State University},
  title  = {{Studies of liquid-like lanthanide transport behaviors in metallic nuclear fuels}},
  note   = {\url{https://tinyurl.com/y6vvnz9p}},
  month  = aug,
  year   = 2017
}

% http://digital.lib.uidaho.edu/cdm/ref/collection/etd/id/1190
@phdthesis{Permann_thesis,
  author = {Cody James Permann},
  school = {University of Idaho},
  title  = {{Scalable distributed feature tracking and remapping on adaptive unstructured meshes for finite element simulations}},
  note   = {\url{https://tinyurl.com/y73hm9g5}},
  month  = may,
  year   = 2017
}

% https://etd.ohiolink.edu/!etd.send_file?accession=osu1492734885411167&disposition=inline
% http://rave.ohiolink.edu/etdc/view?acc_num=osu1492734885411167
@mastersthesis{Xue_2017,
  author = {Sha Xue},
  school = {The Ohio State University},
  title  = {{Modeling and experiment of fission products release and interaction with coolant for defective fuel in Light Water Reactor (LWR)}},
  note   = {\url{https://tinyurl.com/ya9pgvb9}},
  month  = aug,
  year   = 2017
}

% http://doc.rero.ch/record/304964/files/2017INFO006.pdf
@phdthesis{Zulian_2017,
  author = {Patrick Zulian},
  school = {Universit{\`{a}} della Svizzera Italiana},
  title  = {{Geometry-aware finite element framework for multi-physics simulations}},
  note   = {\url{https://tinyurl.com/yc3llb5m}},
  month  = jun,
  year   = 2017
}

% https://repository.arizona.edu/handle/10150/625367
@phdthesis{Hu_thesis,
  author = {Yile Hu},
  school = {University of Arizona},
  title  = {{Peridynamic modeling of fiber-reinforced composites with polymer and ceramic matrix}},
  note   = {\url{https://tinyurl.com/seqpvlt}},
  month  = may,
  year   = 2017
}

% http://pqdtopen.proquest.com/doc/1897565582.html?FMT=ABS
@mastersthesis{Berry_thesis,
  author = {Bruce Berry},
  school = {University of Arkansas},
  title  = {{Numerical simulation of metallic uranium sintering}},
  note   = {\url{https://tinyurl.com/m8eofby}},
  month  = may,
  year   = 2017
}

% http://hdl.handle.net/1783.1/88068
@phdthesis{Luo_thesis,
  author = {Li Luo},
  school = {Hong Kong University of Science and Technology},
  title  = {{A parallel finite element method for 3D moving contact line problem in complex domain with applications}},
  note   = {\url{https://doi.org/10.13140/RG.2.2.36552.93445}},
  month  = mar,
  year   = 2017
}

% MOOSE
@phdthesis{Jacquey_thesis,
  author = {Antoine Baptiste Jacquey},
  school = {RWTH Aachen University},
  title  = {{Coupled thermo-hydro-mechanical processes in geothermal reservoirs: A multiphysic and multiscale approach linking geology and 3D numerical modelling}},
  note   = {\url{https://doi.org/10.18154/RWTH-2017-09790}},
  month  = jul,
  year   = 2017
}

% IBAMR
% https://cdr.lib.unc.edu/record/uuid:1a2fc593-1296-4e65-9c6a-42a306ebd3a7
% https://cdr.lib.unc.edu/concern/honors_theses/w6634718x
@mastersthesis{Hasan_thesis,
  author = {Ali Hasan},
  school = {University of North Carolina at Chapel Hill},
  title  = {Patient specific hemodynamic modeling of the aortic root},
  note   = {\url{https://tinyurl.com/y8yu9ja6}},
  month  = apr,
  type   = {{Undergraduate thesis}},
  year   = 2017
}

% MOOSE/Redback
% https://doi.org/10.13140/RG.2.2.18151.91046
@phdthesis{Rattez_thesis,
  author = {Hadrien Rattez},
  school = {Universit{\'{e}} Paris Est},
  title  = {{Thermo-hydro-mechanical couplings and strain localization in Cosserat continuum: Application to stability analysis of rapid shear in faults}},
  note   = {\url{https://pastel.archives-ouvertes.fr/tel-01916108/}},
  month  = nov,
  year   = 2017
}

% BISON
% https://www.osti.gov/biblio/1468589-modeling-benchmark-fecral-cladding-iaea-crp-actof-fecral-c35m-material-models-benchmark-cases-specifications
% https://inldigitallibrary.inl.gov/sites/sti/sti/Sort_3710.pdf
@TechReport{Pastore_2017,
  author      = {Giovanni Pastore and Kyle A. Gamble and Jason D. Hales},
  title       = {{Modeling benchmark for FeCrAl cladding in the IAEA CRP ACTOF: FeCrAl-C35M material models and benchmark cases specifications}},
  institution = {Idaho National Laboratory},
  day         = 1,
  month       = oct,
  year        = 2017,
  number      = {INL/EXT-17-43695},
  note        = {\url{https://doi.org/10.2172/1468589}}
}

% IBAMR
@Article{Gao_2017c,
  author  = {Hao Gao and Andrej Aderhold and Kenneth Mangion and Xiaoyu Luo and Dirk Husmeier and Colin Berry},
  title   = {Changes and classification in myocardial contractile function in the left ventricle following acute myocardial infarction},
  journal = {Journal of the Royal Society Interface},
  month   = jul,
  year    = 2017,
  volume  = 14,
  number  = 132,
  pages   = {20170203 (15 pages)},
  note    = {\url{https://doi.org/10.1098/rsif.2017.0203}}
}

% IBAMR
@Article{Gao_2017b,
  author  = {Hao Gao and Nan Qi and Liuyang Feng and Xingshuang Ma and Mark Danton and Colin Berry and Xiaoyu Luo},
  title   = {{Modelling mitral valvular dynamics: Current trend and future directions}},
  journal = {International Journal for Numerical Methods in Biomedical Engineering},
  month   = oct,
  year    = 2017,
  volume  = 33,
  number  = 10,
  pages   = {e2858 (15 pages)},
  note    = {\url{https://doi.org/10.1002/cnm.2858}}
}

% IBAMR
@Article{VanHirtum_2017,
  author  = {A. {Van Hirtum} and B. Wu and H. Gao and X. Y. Luo},
  title   = {Constricted channel flow with different cross-section shapes},
  journal = {European Journal of Mechanics - B/Fluids},
  month   = {May--June},
  year    = 2017,
  volume  = 63,
  pages   = {1--8},
  note    = {\url{https://doi.org/10.1016/j.euromechflu.2016.12.009}}
}

% IBAMR
@Article{Cai_2017,
  author  = {Li Cai and Yongheng Wang and Hao Gao and Yiqiang Li and Xiaoyu Luo},
  title   = {A mathematical model for active contraction in healthy and failing myocytes and left ventricles},
  journal = {PLOS ONE},
  month   = apr,
  year    = 2017,
  volume  = 12,
  number  = 4,
  pages   = {e0174834 (16 pages)},
  note    = {\url{https://doi.org/10.1371/journal.pone.0174834}}
}

% IBAMR
@Article{Samson_2017,
  author  = {Julia E. Samson and Nicholas A. Battista and Shilpa Khatri and Laura A. Miller},
  title   = {{Pulsing corals: A story of scale and mixing}},
  journal = {BIOMATH},
  month   = dec,
  year    = 2017,
  volume  = 6,
  number  = 2,
  pages   = {1712169 (14 pages)},
  note    = {\url{https://doi.org/10.11145/j.biomath.2017.12.169}, ArXiv e-print: \url{https://arxiv.org/abs/1709.04996}}
}

% IBAMR
@Article{Kou_2017c,
  author  = {Wenjun Kou and John E. Pandolfino and Peter J. Kahrilas and Neelesh A. Patankar},
  title   = {Simulation studies of the role of esophageal mucosa in bolus transport},
  journal = {Biomechanics and Modeling in Mechanobiology},
  month   = jun,
  year    = 2017,
  volume  = 16,
  number  = 3,
  pages   = {1001--1009},
  note    = {\url{https://doi.org/10.1007/s10237-016-0867-1}}
}

% IBAMR
@Article{Kou_2017b,
  author  = {W. Kou and J. E. Pandolfino and P. J. Kahrilas and N. A. Patankar},
  title   = {{Could the peristaltic transition zone be caused by non-uniform esophageal muscle fiber architecture? A simulation study}},
  journal = {Neurogastroenterology \& Motility},
  month   = jun,
  year    = 2017,
  volume  = 29,
  number  = 6,
  pages   = {e13022 (18 pages)},
  note    = {\url{https://doi.org/10.1111/nmo.13022}}
}

% IBAMR
@Article{Kou_2017,
  author  = {Wenjun Kou and Boyce E. Griffith and John E. Pandolfino and Peter J. Kahrilas and Neelesh A. Patankar},
  title   = {A continuum mechanics-based musculo-mechanical model for esophageal transport},
  journal = {Journal of Computational Physics},
  month   = nov,
  year    = 2017,
  volume  = 348,
  pages   = {433--459},
  note    = {\url{https://doi.org/10.1016/j.jcp.2017.07.025}, ArXiv e-print: \url{http://arxiv.org/abs/1609.03965}}
}

% IBAMR
@Article{Hasan_2017,
  author  = {Ali Hasan and Ebrahim M. Kolahdouz and Andinet Enquobahrie and Thomas G. Caranasos and John P. Vavalle and Boyce E. Griffith},
  title   = {Image-based immersed boundary model of the aortic root},
  journal = {Medical Engineering \& Physics},
  month   = sep,
  year    = 2017,
  volume  = 47,
  pages   = {72--84},
  note    = {\url{https://doi.org/10.1016/j.medengphy.2017.05.007}, ArXiv e-print: \url{https://arxiv.org/abs/1705.04279}}
}

% IBAMR
@Article{Gao_2017,
  author  = {Hao Gao and Liuyang Feng and Nan Qi and Colin Berry and Boyce E. Griffith and Xiaoyu Luo},
  title   = {A coupled mitral valve-left ventricle model with fluid-structure interaction},
  journal = {Medical Engineering \& Physics},
  month   = sep,
  year    = 2017,
  volume  = 47,
  pages   = {128--136},
  note    = {\url{https://doi.org/10.1016/j.medengphy.2017.06.042}}
}

% IBAMR
% https://arxiv.org/abs/1709.05058
@InProceedings{Battista_2017,
  author    = {Nicholas A. Battista and Julia E. Samson and Shilpa Khatri and Laura A. Miller},
  title     = {{Under the sea: Pulsing corals in ambient flow}},
  booktitle = {{Proceedings of the International Conference on Mathematical Methods and Models in Biosciences (Biomath 2017)}},
  address   = {Skukuza Camp, Kruger Park, South Africa},
  editor    = {R. Anguelov and M. Lachowicz},
  pages     = {22--35},
  month     = jun # {~25--30,},
  year      = 2017,
  note      = {\url{https://doi.org/10.11145/texts.2017.11.197}}
}

@Article{Ramasubramanian_2017,
  author  = {Ajaykrishna Ramasubramanian and Vitaliy Yurkiv and Ali Najafi and Ali Khounsary and Reza Shahbazian-Yassar and Farzad Mashayek},
  title   = {A comparative study on continuum-scale modeling of elasto-plastic deformation in rechargeable ion batteries},
  journal = {Journal of the Electrochemical Society},
  month   = nov,
  year    = 2017,
  volume  = 164,
  number  = 13,
  pages   = {A3418--A3425},
  note    = {\url{https://doi.org/10.1149/2.1911713jes}}
}

% https://www.osti.gov/biblio/1361345-file-based-one-way-bison-coupling-through-vera-user-manual
% https://info.ornl.gov/sites/publications/files/Pub72836.pdf
@TechReport{Stimpson_2017c,
  author      = {Shane G. Stimpson},
  title       = {{File-based one-way BISON coupling through VERA: User's Manual}},
  institution = {Oak Ridge National Laboratory, Consortium for Advanced Simulation of LWRs},
  day         = 28,
  month       = feb,
  year        = 2017,
  number      = {ORNL/TM-2017/68, CASL-U-2016-1099-001},
  note        = {\url{https://doi.org/10.2172/1361345}}
}

% https://info.ornl.gov/sites/publications/Files/Pub75551.pdf
@TechReport{Stimpson_2017b,
  author      = {Shane G. Stimpson and Kevin Clarno and Jeffrey J. Powers and Benjamin S. Collins and Roger P. P. Pawlowski and Alex Toth and Russell Gardner and Stephen R. Novascone and Jason D. Hales and Giovanni Pastore},
  title       = {{Demonstration of coupled Tiamat single assembly calculations}},
  institution = {Oak Ridge National Laboratory},
  day         = 1,
  month       = jun,
  year        = 2017,
  number      = {ORNL/TM-2017/321},
  note        = {CASL-U-2017-1357-000, \url{https://doi.org/10.2172/1400149}}
}

% https://neup.inl.gov/SiteAssets/Final%20%20Reports/FY%202013/13-5328%20NEUP%20Final%20Report.pdf
@TechReport{Downar_2017,
  author      = {Thomas Downar},
  title       = {Collocation-based surrogate models for uncertainty quantification and validation of coupled, multiphysics fuel performance simulation tools},
  institution = {Nuclear Energy University Programs},
  day         = 30,
  month       = oct,
  year        = 2017,
  number      = {13-5328},
  note        = {\url{https://tinyurl.com/y9ea4egw}}
}

@InProceedings{Zhao_2017b,
  author    = {Haihua Zhao and Hongbin Zhang and James O'Brien},
  title     = {{Single phase analytical models for Terry turbine nozzle}},
  booktitle = {{Proceedings of the International Congress on Advances in Nuclear Power Plants (ICAPP)}},
  address   = {Kyoto, Japan},
  month     = apr # {~24--28,},
  year      = 2017,
  note      = {INL/CON-16-39871, \url{https://www.osti.gov/biblio/1369416}}
}

% http://www.ans.org/pubs/transactions/a_40753
@InProceedings{Parisi_2017b,
  author    = {Carlo Parisi and Andrea Alfonsi and Cristian Rabiti and Ronaldo H. Szilard},
  title     = {{Uncertainty quantification for external events analysis of LWRS/RISMC project}},
  booktitle = {{Transactions of the American Nuclear Society, Vol.~116}},
  address   = {San Francisco, California},
  pages     = {795--797},
  month     = jun # {~11--15,},
  year      = 2017,
  note      = {\url{https://tinyurl.com/st72jl4}}
}

@TechReport{Zou_2017,
  author      = {L. Zou and R. A. Berry and R. C. Martineau and D. Andr{\v{s}} and H. Zhang and J. E. Hansel and J. P. Sharpe and R. C. Johns},
  title       = {{RELAP-7 closure correlations}},
  institution = {Idaho National Laboratory},
  day         = 1,
  month       = apr,
  year        = 2017,
  number      = {INL/EXT-17-41653},
  note        = {\url{https://doi.org/10.2172/1374508}}
}

@Article{Xia_2017b,
  author  = {Yidong Xia and Robert Podgorney and Hai Huang},
  title   = {{Assessment of a hybrid continuous/discontinuous Galerkin finite element code for geothermal reservoir simulations}},
  journal = {Rock Mechanics and Rock Engineering},
  month   = mar,
  year    = 2017,
  volume  = 50,
  number  = 3,
  pages   = {719--732},
  note    = {\url{https://doi.org/10.1007/s00603-016-0951-y}}
}

% MOOSE
@Article{Zhang_2017b,
  author  = {Yu Zhang and George C. Schatz},
  title   = {{Conical nanopores for efficient ion pumping and desalination}},
  journal = {Journal of Physical Chemistry Letters},
  month   = jun,
  year    = 2017,
  volume  = 8,
  number  = 13,
  pages   = {2842--2848},
  note    = {\url{https://doi.org/10.1021/acs.jpclett.7b01137}}
}

@InProceedings{HChen_2017,
  author    = {Hailong Chen and Yile Hu and Benjamin W. Spencer},
  title     = {{Peridynamics using irregular domain discretization With MOOSE-based implementation}},
  booktitle = {{Proceedings of the ASME International Mechanical Engineering Congress and Exposition}},
  address   = {Tampa, Florida},
  pages     = {V009T12A067 (6 pages)},
  month     = nov # {~3--9,},
  year      = 2017,
  note      = {Volume 9: Mechanics of Solids, Structures and Fluids; NDE, Structural Health Monitoring and Prognosis, \url{https://doi.org/10.1115/IMECE2017-71527}}
}

@Article{Griffith_2017,
  author  = {Boyce E. Griffith and Xiaoyu Luo},
  title   = {{Hybrid finite difference/finite element version of the immersed boundary method}},
  journal = {International Journal for Numerical Methods in Biomedical Engineering},
  month   = dec,
  year    = 2017,
  volume  = 33,
  number  = 12,
  pages   = {e2888 (31 pages)},
  note    = {\url{https://doi.org/10.1002/cnm.2888}, ArXiv e-print: \url{http://arxiv.org/abs/1612.05916}}
}

@Article{Bhatia_2017c,
  author  = {Manav Bhatia and Philip Beran},
  title   = {{Design of thermally stressed panels subject to transonic flutter constraints}},
  journal = {AIAA Journal of Aircraft},
  month   = nov,
  year    = 2017,
  volume  = 54,
  number  = 6,
  pages   = {2340--2349},
  note    = {\url{https://doi.org/10.2514/1.C034301}}
}

% https://www.researchgate.net/profile/Omar_Baltaji/publication/320806670_NON-LINEAR_TIME_DOMAIN_SITE_RESPONSE_AND_SOIL_STRUCTURE_ANALYSES_FOR_NUCLEAR_FACILITIES_USING_MASTODON/links/59fb47fa0f7e9b9968b972ad/NON-LINEAR-TIME-DOMAIN-SITE-RESPONSE-AND-SOIL-STRUCTURE-ANALYSES-FOR-NUCLEAR-FACILITIES-USING-MASTODON.pdf
% It should be possible to obtain the session number and paper number from the conference website, but it was down when I checked.
@InProceedings{Baltaji_2017,
  author    = {Omar Baltaji and Ozgun A. Numanoglu and Swetha Veeraraghavan and Youssef M. A. Hashash and Justin L. Coleman and Chandrakanth Bolisetti},
  title     = {{Non-linear time domain site response and soil structure analyses for nuclear facilities using MASTODON}},
  booktitle = {{Proceedings of the 24th Conference on Structural Mechanics in Reactor Technology (SMiRT-24)}},
  address   = {Busan, Korea},
  month     = aug # {~20--25,},
  year      = 2017,
  note      = {10 pages, \url{https://tinyurl.com/ybcpw8tz}}
}

% https://www.osti.gov/scitech/biblio/1409215-progress-report-sam-reduced-order-model-development-thermal-stratification-mixing-during-reactor-transients
% http://www.ipd.anl.gov/anlpubs/2017/11/139427.pdf
@TechReport{Hu_2017c,
  author      = {R. Hu},
  title       = {Progress report on {SAM} reduced-order model development for thermal stratification and mixing during reactor transients},
  institution = {Argonne National Laboratory},
  day         = 1,
  month       = sep,
  year        = 2017,
  number      = {ANL/NE--17/29},
  note        = {\url{https://doi.org/10.2172/1409215}}
}

@Article{Lima_2017,
  author  = {E. A. B. F. Lima and J. T. Oden and B. Wohlmuth and A. Shahmoradi and D. A. {Hormuth II} and T. E. Yankeelov and L. Scarabosio and T. Horger},
  title   = {{Selection and validation of predictive models of radiation effects on tumor growth based on noninvasive imaging data}},
  journal = {Computer Methods in Applied Mechanics and Engineering},
  month   = dec,
  year    = 2017,
  volume  = 327,
  pages   = {277--305},
  note    = {\url{https://doi.org/10.1016/j.cma.2017.08.009}, Also appeared as Institute for Computational Engineering and Sciences (ICES) Tech.\ Report 17-14, \url{https://tinyurl.com/y84v4oxo}}
}

% https://pdfs.semanticscholar.org/c1c7/fd3ea3d75973ee101281c2fab6f45e91c66b.pdf
@InProceedings{Wendt_2017,
  author    = {Brycen Wendt and Leslie Kerby and Aaron Tumulak and Jaakko Lepp{\"{a}}nen and Mark DeHart},
  title     = {{Advancement of functional expansion tallies capabilities in Serpent 2}},
  booktitle = {{Transactions of the American Nuclear Society, Vol.~116}},
  address   = {San Francisco, California},
  pages     = {552--555},
  month     = jun # {~11--15,},
  year      = 2017,
  note      = {\url{https://tinyurl.com/wneuzcd}}
}

% http://arfc.npre.illinois.edu/pres/2017-10-31-moltres.pdf
@Misc{Ridley_2017,
  author       = {Gavin Ridley and Alexander Lindsay and Kathryn Huff},
  title        = {{An intro to Moltres, an MSR multiphysics code}},
  year         = 2017,
  howpublished = {Poster, \url{https://tinyurl.com/ycfuvbpb}}
}

@Article{Schlittler_2017,
  author  = {Thiago Milanetto Schlittler and R{\'{e}}gis Cottereau},
  title   = {{Fully scalable implementation of a volume coupling scheme for the modeling of multiscale materials}},
  journal = {Computational Mechanics},
  month   = nov,
  year    = 2017,
  volume  = 60,
  number  = 5,
  pages   = {827--844},
  note    = {\url{https://doi.org/10.1007/s00466-017-1445-9}}
}

@Article{Chen_2017,
  author  = {Di Chen and Nan Li and Dina Yuryev and J. Kevin Baldwin and Yongqiang Wang and Michael J. Demkowicz},
  title   = {{Self-organization of helium precipitates into elongated channels within metal nanolayers}},
  journal = {Science Advances},
  month   = nov,
  year    = 2017,
  volume  = 3,
  number  = 11,
  pages   = {eaao2710 (7 pages)},
  note    = {\url{https://doi.org/10.1126/sciadv.aao2710}}
}

% https://www.researchgate.net/profile/Alvaro_Coutinho2/publication/320830829_RESIDUAL-BASED_VARIATIONAL_MULTISCALE_SIMULATION_OF_EROSION_USING_libMesh/links/59fc4390a6fdcca1f2933a8b/RESIDUAL-BASED-VARIATIONAL-MULTISCALE-SIMULATION-OF-EROSION-USING-libMesh.pdf
@InProceedings{Grave_2017,
  author    = {Mal{\'{u}} Grave and Jos{\'{e}} J. Camata and Alvaro L. G. A. Coutinho},
  title     = {{Residual-based variational multiscale simulation of erosion using \texttt{libMesh}}},
  booktitle = {{Proceedings of the XXXVIII Iberian Latin-American Congress on Computational Methods in Engineering (CILAMCE 2017)}},
  address   = {Florian{\'{o}}polis, Santa Catarina, Brazil},
  editor    = {P. O. Faria and R. H. Lopez and L. F. F. Miguel and W. J. S. Gomes and M. Noronha},
  month     = nov # {~5--8,},
  year      = 2017,
  note      = {\url{https://tinyurl.com/yamxuz2l}}
}

@Article{Wang_2017,
  author  = {Yaqi Wang and Sebastian Schunert and Mark DeHart and Rirchard Martineau and Weixiong Zheng},
  title   = {{Hybrid $P_N$-$S_N$ with Lagrange multiplier and upwinding for the multiscale transport capability in RattleSnake}},
  journal = {Progress in Nuclear Energy},
  month   = nov,
  year    = 2017,
  volume  = {101, Part C},
  pages   = {381--393},
  note    = {\url{https://doi.org/10.1016/j.pnucene.2017.03.020}}
}

% https://www.researchgate.net/profile/Alvaro_Coutinho2/publication/320830646_SIMULATION_OF_A_COLUMN_COLLAPSE_FOR_DENSE_GRANULAR_FLOWS/links/59fc429ca6fdcca1f2933940/SIMULATION-OF-A-COLUMN-COLLAPSE-FOR-DENSE-GRANULAR-FLOWS.pdf
@InProceedings{Gesenhues_2017,
  author    = {Linda Gesenhues and Jos{\'{e}} J. Camata and Alvaro L. G. A. Coutinho},
  title     = {Simulation of a column collapse for dense granular flows},
  booktitle = {{Proceedings of the XXXVIII Iberian Latin-American Congress on Computational Methods in Engineering (CILAMCE 2017)}},
  address   = {Florian{\'{o}}polis, Santa Catarina, Brazil},
  editor    = {P. O. Faria and R. H. Lopez and L. F. F. Miguel and W. J. S. Gomes and M. Noronha},
  month     = nov # {~5--8,},
  year      = 2017,
  note      = {\url{https://doi.org/10.20906/CPS/CILAMCE2017-0778}}
}

% https://www.osti.gov/biblio/1466787-advanced-seismic-probabilistic-risk-assessment-methodology-development-beta-mastodon-toolset
@TechReport{Bolisetti_2017,
  author      = {Chandu Bolisetti and Swetha Veeraraghavan and Andrew E. Slaughter and Justin L. Coleman and Annie M. Kammerer},
  title       = {{Advanced seismic probabilistic risk assessment methodology: Development of beta 1.0 MASTODON toolset}},
  institution = {Idaho National Laboratory},
  month       = aug,
  year        = 2017,
  number      = {INL/EXT-17-43148},
  note        = {\url{https://doi.org/10.2172/1466787}}
}

% MOOSE/BISON
@Article{Toth_2017,
  author  = {Alex Toth and J. Austin Ellis and Tom Evans and Steven Hamilton and C. T. Kelley and Roger Pawlowski and Stuart Slattery},
  title   = {{Local improvement results for Anderson acceleration with inaccurate function evaluations}},
  journal = {SIAM Journal on Scientific Computing},
  year    = 2017,
  volume  = 39,
  number  = 5,
  pages   = {S47--S65},
  note    = {\url{https://doi.org/10.1137/16M1080677}, Special Section: 2016 Copper Mountain Conference}
}

% These guys have cited us before, libMesh is "used to optimize and parameterize
% the original Cubit meshes", though I am not sure exactly what this means.
@Article{ArmasPerez_2017,
  author  = {Julio C. Armas-P{\'{e}}rez and Xiao Li and Jos{\'{e}} A. Mart{\'{i}}nez-Gonz{\'{a}}lez and Coleman Smith and J. P. Hern{\'{a}}ndez-Ortiz and Paul F. Nealey and Juan J. {de Pablo}},
  title   = {{Sharp morphological transitions from nanoscale mixed-anchoring patterns in confined nematic liquid crystals}},
  journal = {Langmuir},
  month   = sep,
  year    = 2017,
  volume  = 33,
  number  = 43,
  pages   = {12516--12524},
  note    = {\url{https://doi.org/10.1021/acs.langmuir.7b02522}}
}

@Article{Bhatia_2017,
  author  = {Manav Bhatia and Philip Beran},
  title   = {{Higher-order transonic flutter predictions}},
  journal = {AIAA Journal},
  month   = aug,
  year    = 2017,
  volume  = 55,
  number  = 11,
  pages   = {3881--3890},
  note    = {\url{https://doi.org/10.2514/1.J055930}}
}

@Article{MHu_2017,
  author  = {Manman Hu and Manolis Veveakis and Thomas Poulet and Klaus Regenauer-Lieb},
  title   = {{The role of temperature in shear instability and bifurcation of internally pressurized deep boreholes}},
  journal = {Rock Mechanics and Rock Engineering},
  month   = nov,
  year    = 2017,
  volume  = 50,
  number  = 11,
  pages   = {3003--3017},
  note    = {\url{https://doi.org/10.1007/s00603-017-1291-2}}
}

@Article{Sevic_2017,
  author  = {John F. Sevic and Nobuhiko P. Kobayashi},
  title   = {{Multi-physics transient simulation of monolithic niobium dioxide-tantalum dioxide memristor-selector structures}},
  journal = {Applied Physics Letters},
  month   = oct,
  year    = 2017,
  volume  = 111,
  number  = 15,
  pages   = {153107 (5 pages)},
  note    = {\url{https://doi.org/10.1063/1.5003168}}
}

% https://www.osti.gov/scitech/biblio/1364096-raven-user-manual
@TechReport{Rabiti_2017,
  author      = {Cristian Rabiti and Andrea Alfonsi and Joshua Cogliati and Diego Mandelli and Robert Kinoshita and Sonat Sen and Congjian Wang and Jun Chen},
  title       = {{RAVEN User Manual Revision 5}},
  institution = {Idaho National Laboratory},
  month       = mar,
  year        = 2017,
  number      = {INL/EXT-15-34123},
  note        = {\url{https://doi.org/10.2172/1364096}}
}

@Article{Bhatia_2017b,
  author  = {Manav Bhatia and Philip Beran},
  title   = {{Transonic panel flutter predictions using a linearized stability formulation}},
  journal = {AIAA Journal},
  month   = oct,
  year    = 2017,
  volume  = 55,
  number  = 10,
  pages   = {3499--3516},
  note    = {\url{https://doi.org/10.2514/1.J055839}}
}

@Article{Senecal_2017,
  author  = {Jaron P. Senecal and Wei Ji},
  title   = {Approaches for mitigating over-solving in multiphysics simulations},
  journal = {International Journal for Numerical Methods in Engineering},
  month   = nov,
  year    = 2017,
  volume  = 112,
  number  = 6,
  pages   = {503--528},
  note    = {\url{https://doi.org/10.1002/nme.5516}}
}

@InProceedings{Georgenthum_2017,
  author    = {Vincent Georgenthum and Charles Folsom and Alain Moal and Olivier Marchand and Richard Williamson and Heng Ban and Daniel Wachs},
  title     = {{SCANAIR--BISON benchmark on CIP0-1 RIA test}},
  booktitle = {{Proceedings of the 2017 Water Reactor Fuel Performance Meeting (WRFPM 2017)}},
  address   = {Jeju Island, Korea},
  pages     = {Paper A-164 (11 pages)},
  month     = sep # {~10--14,},
  year      = 2017,
  note      = {\url{https://www.osti.gov/biblio/1409689}}
}

@InProceedings{Stimpson_2017,
  author    = {Shane G. Stimpson},
  title     = {{Demonstration of load-follow operations with standalone BISON through VERA}},
  booktitle = {{Transactions of the American Nuclear Society, Vol.~116}},
  address   = {San Francisco, California},
  pages     = {1209--1212},
  month     = jun # {~11--15,},
  year      = 2017,
  note      = {\url{https://www.osti.gov/biblio/1364305}}
}

@Article{Lin_2017,
  author  = {J.-L. Lin and W. Zhong and H. Z. Bilheux and B. J. Heuser},
  title   = {{Azimuthally anisotropic hydride lens structures in Zircaloy 4 nuclear fuel cladding: High-resolution neutron radiography imaging and BISON finite element analysis}},
  journal = {Journal of Nuclear Materials},
  month   = dec,
  volume  = 496,
  pages   = {129--139},
  year    = 2017,
  note    = {\url{https://doi.org/10.1016/j.jnucmat.2017.09.025}}
}

@Article{Kuna_2017,
  author  = {Lukasz Kuna and John Mangeri and Pu-Xian Gao and Serge Nakhmanson},
  title   = {{Stress-induced shift of band gap in ZnO nanowires from finite-element modeling}},
  journal = {Physics Review Applied},
  month   = sep,
  year    = 2017,
  volume  = 8,
  number  = 3,
  pages   = {034031 (11 pages)},
  note    = {\url{https://doi.org/10.1103/PhysRevApplied.8.034031}}
}

% http://www.ans.org/pubs/transactions/a_40636
@InProceedings{Gamble_2017b,
  author    = {Kyle A. Gamble and Danielle M. Perez and Jason D. Hales},
  title     = {{Improvements to modeling capabilities of ATF concepts in the BISON fuel performance code}},
  booktitle = {{Transactions of the American Nuclear Society, Vol.~116}},
  address   = {San Francisco, California},
  pages     = {419--421},
  month     = jun # {~11--15,},
  year      = 2017,
  note      = {\url{https://tinyurl.com/vvhtw4u}}
}

@TechReport{Sweet_2017,
  author      = {Ryan T. Sweet and Kurt A. Terrani and Brian Wirth},
  title       = {{BISON fuel performance analysis of IFA-796 Rod 3 \& 4 and investigation of the impact of fuel creep}},
  institution = {Oak Ridge National Laboratory},
  month       = aug,
  year        = 2017,
  number      = {ORNL/SR-2017/443},
  note        = {\url{https://doi.org/10.2172/1394347}}
}

% https://pdfs.semanticscholar.org/74e9/bfb4bab638ebe6fc66bcb2b69e3b4e58f847.pdf
@InProceedings{Matthews_2017b,
  author    = {C. Matthews and J. Galloway and C. Unal},
  title     = {Advanced simulation aided metallic fuel design},
  booktitle = {{Transactions of the American Nuclear Society, Vol.~116}},
  address   = {San Francisco, California},
  pages     = {504--506},
  month     = jun # {~11--15,},
  year      = 2017,
  note      = {\url{https://tinyurl.com/wrudrol}}
}

% https://www.researchgate.net/publication/319345229_EFFECT_OF_INCLINED_WAVES_ON_DEEPLY_EMBEDDED_NUCLEAR_FACILITIES
@InProceedings{Veeraraghavan_2017,
  author    = {Swetha Veeraraghavan and Jacobo Bielak and Justin Coleman},
  title     = {{Effect of inclined waves on deeply embedded nuclear facilities}},
  booktitle = {{Proceedings of the 24th Conference on Structural Mechanics in Reactor Technology (SMiRT-24)}},
  address   = {Busan, Korea},
  month     = aug # {~20--25,},
  year      = 2017,
  note      = {Session D5-S19, Paper 3 (9 pages), \url{https://tinyurl.com/yazt8w59}}
}

% Bibliographic information: https://www.osti.gov/scitech/biblio/1392057-development-reduced-order-three-dimensional-flow-model-thermal-mixing-stratification-simulation-during-reactor-transients
% PDF: https://www.osti.gov/scitech/servlets/purl/1392057
@InProceedings{Hu_2017d,
  author    = {Rui Hu},
  title     = {{Development of a reduced-order three-dimensional flow model for thermal mixing and stratification simulation during reactor transients}},
  booktitle = {{Proceedings of the 17th International Topical Meeting on Nuclear Reactor Thermal Hydraulics (NURETH-17)}},
  address   = {Xi'an, Shaanxi, China},
  month     = sep # {~3--8,},
  year      = 2017,
  note      = {Technical Session 305, Paper 4 (14 pages), \url{https://tinyurl.com/ydb3cdp2}}
}

@Article{White_2017,
  author  = {J. T. White and A. W. Travis and J. T. Dunwoody and A. T. Nelson},
  title   = {{Fabrication and thermophysical property characterization of UN/U$_3$Si$_2$ composite fuel forms}},
  journal = {Journal of Nuclear Materials},
  month   = nov,
  year    = 2017,
  volume  = 495,
  pages   = {463--474},
  note    = {\url{https://doi.org/10.1016/j.jnucmat.2017.08.041}}
}

@InProceedings{Kunwar_2017,
  author    = {Anil Kunwar and Michael R. Tonks and Shengyan Shang and Xueguan Song and Yunpeng Wang and Haitao Ma},
  title     = {{Quantitative polynomial free energy based phase field model for void motion and evolution in Sn under thermal gradient}},
  booktitle = {{Proceedings of the 18th International Conference on Electronic Packaging Technology (ICEPT)}},
  address   = {Harbin, China},
  pages     = {1502--1507},
  month     = aug # {~16--19,},
  year      = 2017,
  note      = {\url{https://doi.org/10.1109/ICEPT.2017.8046720}}
}

@Article{Yurkiv_2017c,
  author  = {Vitaliy Yurkiv and Jacob S. Guti{\'{e}}rrez-Kolar and Raymond R. Unocic and Ajaykrishna Ramsubramanian and Reza Shahbazian-Yassar and Farzad Mashayek},
  title   = {{Competitive ion diffusion within grain boundary and grain interiors in polycrystalline electrodes with the inclusion of stress field}},
  journal = {Journal of the Electrochemical Society},
  month   = sep,
  year    = 2017,
  volume  = 164,
  number  = 12,
  pages   = {A2830--A2839},
  note    = {\url{https://doi.org/10.1149/2.0121713jes}}
}

@Article{Wijeratne_2017,
  author  = {Peter A. Wijeratne and John H. Hipwell and David J. Hawkes and Triantafyllos Stylianopoulos and Vasileios Vavourakis},
  title   = {{Multiscale biphasic modelling of peritumoural collagen microstructure: The effect of tumour growth on permeability and fluid flow}},
  journal = {PLoS One},
  month   = sep,
  year    = 2017,
  volume  = 12,
  number  = 9,
  pages   = {e0184511 (17 pages)},
  note    = {\url{https://doi.org/10.1371/journal.pone.0184511}}
}

@Article{Aagesen_2017,
  author  = {Larry K. Aagesen and Daniel Schwen and Karim Ahmed and Michael R. Tonks},
  title   = {{Quantifying elastic energy effects on interfacial energy in the Kim-Kim-Suzuki phase-field model with different interpolation schemes}},
  journal = {Computational Materials Science},
  month   = dec,
  year    = 2017,
  volume  = 140,
  pages   = {10--21},
  note    = {\url{https://doi.org/10.1016/j.commatsci.2017.08.005}}
}

% http://ma.ecsdl.org/content/MA2017-02/5/515.abstract
@Article{Yurkiv_2017b,
  author  = {Vitaliy Yurkiv and Jacob Guti{\'{e}}rrez-Kolar and Ajaykrishna Ramasubramanian and Reza Shahbazian-Yassar and Farzad Mashayek},
  title   = {{Phase-field study of sodiation of SnSb thin film electrodes}},
  journal = {Meeting Abstracts},
  year    = 2017,
  volume  = {MA2017-02},
  number  = 5,
  pages   = {515},
  note    = {\url{https://tinyurl.com/y9oyo6uh}}
}

@Article{Yurkiv_2017,
  author  = {Vitaliy Yurkiv and Soroosh Sharifi-Asl and Ajaykrishna Ramasubramanian and Reza Shahbazian-Yassar and Farzad Mashayek},
  title   = {{Oxygen evolution and phase transformation in LCO cathode: A phase-field modeling study}},
  journal = {Computational Materials Science},
  month   = dec,
  year    = 2017,
  volume  = 140,
  pages   = {299--306},
  note    = {\url{https://doi.org/10.1016/j.commatsci.2017.09.007}}
}

@Article{Cacace_2017,
  author  = {Mauro Cacace and Antoine B. Jacquey},
  title   = {{Flexible parallel implicit modelling of coupled thermal-hydraulic-mechanical processes in fractured rocks}},
  journal = {Solid Earth},
  volume  = 8,
  number  = 5,
  year    = 2017,
  pages   = {921--941},
  note    = {\url{https://doi.org/10.5194/se-8-921-2017}}
}

@Article{Jokisaari_2017b,
  author       = {A. M. Jokisaari and S. S. Naghavi and C. Wolverton and P. W. Voorhees and O. G. Heinonen},
  title        = {Predicting the morphologies of $\gamma'$ precipitates in cobalt-based superalloys},
  journal      = {Acta Materialia},
  volume       = 141,
  month        = dec,
  year         = 2017,
  pages        = {273--284},
  note         = {\url{https://doi.org/10.1016/j.actamat.2017.09.003}, ArXiv e-print: \url{https://arxiv.org/abs/1709.02010}}
}

@Article{Lesueur_2017b,
  author  = {Martin Lesueur and Maria Camila Casadiego and Manolis Veveakis and Thomas Poulet},
  title   = {{Modelling fluid-microstructure interaction on elasto-visco-plastic digital rocks}},
  journal = {Geomechanics for Energy and the Environment},
  month   = dec,
  year    = 2017,
  volume  = 12,
  pages   = {1--13},
  note    = {\url{https://doi.org/10.1016/j.gete.2017.08.001}}
}

% https://www.osti.gov/scitech/biblio/1376856
@TechReport{Permann_2017,
  author      = {Cody Permann and Brian Alger and John Peterson and Andrew Slaughter and David Andr{\v{s}} and Richard Martineau},
  title       = {{NEAMS-IPL MOOSE midyear framework activities}},
  institution = {Idaho National Laboratory},
  day         = 9,
  month       = may,
  year        = 2017,
  number      = {INL/EXT-16-41982},
  note        = {\url{https://doi.org/10.2172/1376856}}
}

% https://www.osti.gov/scitech/biblio/1377754-microstructural-modeling-brittle-materials-enhanced-performance-reliability
% http://prod.sandia.gov/techlib/access-control.cgi/2017/178965.pdf
@TechReport{Teague_2017,
  author      = {Melissa C. Teague and Theron Rodgers and Scott Grutzik and Stephen Meserole},
  title       = {{Microstructural modeling of brittle materials for enhanced performance and reliability}},
  institution = {Sandia National Laboratories},
  day         = 1,
  month       = aug,
  year        = 2017,
  number      = {SAND2017-8965},
  note        = {\url{https://doi.org/10.2172/1377754}}
}

% https://www.osti.gov/scitech/biblio/1376883-transient-simulation-multi-sertta-experiment-mammoth
@TechReport{Ortensi_2017,
  author      = {Javier Ortensi and Benjamin Baker and Yaqi Wang and Sebastian Schunert and Mark DeHart},
  title       = {{Transient simulation of the Multi-SERTTA experiment with MAMMOTH}},
  institution = {Idaho National Laboratory},
  day         = 11,
  month       = jul,
  year        = 2017,
  number      = {INL/EXT-17-42404},
  note        = {\url{https://doi.org/10.2172/1376883}}
}

% https://www.osti.gov/scitech/biblio/1376899-risk-informed-external-hazards-analysis-seismic-flooding-phenomena-generic-pwr
@TechReport{Parisi_2017,
  author      = {Carlo Parisi and Steve Prescott and Zhegang Ma and Bob Spears and Ronaldo Szilard and Justin Coleman and Ben Kosbab},
  title       = {{Risk-informed external hazards analysis for seismic and flooding phenomena for a generic PWR}},
  institution = {Idaho National Laboratory},
  day         = 26,
  month       = jul,
  year        = 2017,
  number      = {INL/EXT-17-42666},
  note        = {\url{https://doi.org/10.2172/1376899}}
}

% https://www.osti.gov/scitech/biblio/1376498-warthog-coupling-status-update
% http://info.ornl.gov/sites/publications/Files/Dev293622.pdf
@TechReport{Hart_2017,
  author      = {Shane W. D. Hart and Bradley T. Rearden},
  title       = {{Warthog: Coupling status update}},
  institution = {Oak Ridge National Laboratory},
  day         = 30,
  month       = jun,
  year        = 2017,
  number      = {ORNL/TM-2017/325},
  note        = {\url{https://doi.org/10.2172/1376498}}
}

@Article{Luo_2017c,
  author  = {Li Luo and Xiao-Ping Wang and Xiao-Chuan Cai},
  title   = {{An efficient finite element method for simulation of droplet spreading on a topologically rough surface}},
  journal = {Journal of Computational Physics},
  month   = nov,
  year    = 2017,
  volume  = 349,
  pages   = {233--252},
  note    = {\url{https://doi.org/10.1016/j.jcp.2017.08.010}}
}

% http://yadda.icm.edu.pl/yadda/element/bwmeta1.element.baztech-b1860417-5e31-4cf3-bf6b-fb617253134f
@Article{Galek_2017,
  author  = {Rafa{\l} Ga{\l}ek},
  title   = {{Numerical modeling of body force induced by corona discharge}},
  journal = {Zeszyty Naukowe Politechniki Rzeszowskiej, Mechanika (Scientific papers of the Rzesz{\'{o}}w University of Technology, Mechanics)},
  year    = 2017,
  volume  = {89 [295]},
  number  = 2,
  pages   = {29--42},
  note    = {\url{https://tinyurl.com/ya6vmtxd}}
}

@Article{Luo_2017b,
  author  = {Li Luo and Qian Zhang and Xiao-Ping Wang and Xiao-Chuan Cai},
  title   = {{A parallel finite element method for 3D two-phase moving contact line problems in complex domains}},
  journal = {Journal of Scientific Computing},
  month   = sep,
  volume  = 72,
  number  = 3,
  pages   = {1119--1145},
  year    = 2017,
  note    = {\url{https://doi.org/10.1007/s10915-017-0391-1}}
}

% 2017 ANS Annual Meeting
% Meeting Home Page: http://www.ans.org/meetings/m_148
% Meeting Program: http://www.ans.org/meetings/file/737
% Author Copy: http://neams.rpi.edu/jiw2/papers/ANS%20116%20Senecal.pdf
@InProceedings{Senecal_2017b,
  author    = {Jaron P. Senecal and Wei Ji},
  title     = {{Addressing over-solving in multiphysics codes with nested solvers}},
  booktitle = {{Transactions of the American Nuclear Society, Vol.~116}},
  address   = {San Francisco, California},
  pages     = {567--569},
  month     = jun # {~11--15,},
  year      = 2017,
  note      = {\url{https://tinyurl.com/yaqbpo7o}}
}

@Article{Delchini_2017,
  author  = {Marc O. Delchini and Jean C. Ragusa and Jim Ferguson},
  title   = {Viscous regularization of the full set of nonequilibrium-diffusion gray radiation-hydrodynamic equations},
  journal = {International Journal for Numerical Methods in Fluids},
  month   = sep,
  volume  = 85,
  number  = 1,
  year    = 2017,
  pages   = {30--47},
  note    = {\url{https://doi.org/10.1002/fld.4371}}
}

@Article{Ahammad_2017,
  author  = {M. Jalal Ahammad and Jahrul M. Alam and M. A. Rahman and Stephen D. Butt},
  title   = {{Numerical simulation of two-phase flow in porous media using a wavelet based phase-field method}},
  journal = {Chemical Engineering Science},
  month   = dec,
  year    = 2017,
  volume  = 173,
  pages   = {230--241},
  note    = {\url{https://doi.org/10.1016/j.ces.2017.07.014}}
}

@Article{DeHart_2017,
  author  = {Mark D. DeHart and Benjamin A. Baker and Javier Ortensi},
  title   = {{Interpretation of energy deposition data from historical operation of the transient test facility (TREAT)}},
  journal = {Nuclear Engineering and Design},
  month   = oct,
  year    = 2017,
  volume  = 322,
  pages   = {504--521},
  note    = {\url{https://doi.org/10.1016/j.nucengdes.2017.07.019}}
}

% http://link.springer.com/article/10.1007%2Fs12008-016-0308-5
@Article{Mejia_2017,
  author  = {Daniel Mejia and Aitor Moreno and Oscar Ruiz-Salguero and I{\~{n}}igo Barandiaran},
  title   = {{Appraisal of open software for finite element simulation of 2D metal sheet laser cut}},
  journal = {International Journal on Interactive Design and Manufacturing},
  month   = aug,
  year    = 2017,
  volume  = 11,
  number  = 3,
  pages   = {547--558},
  note    = {\url{https://doi.org/10.1007/s12008-016-0308-5}}
}

% http://prod.sandia.gov/techlib/access-control.cgi/2017/177492.pdf
@TechReport{Swiler_2017,
  author      = {Laura P. Swiler and Robert A. Lefebvre and Brandon R. Langley and Adam B. Thompson},
  title       = {{Integration of Dakota into the NEAMS Workbench}},
  institution = {Sandia National Laboratories},
  month       = jul,
  year        = 2017,
  number      = {SAND2017-7492},
  note        = {\url{https://tinyurl.com/yagsvylk}}
}

@Article{HMa_2017,
  author  = {Haoran Ma and Anil Kunwar and Ru Huang and Jun Chen and Yunpeng Wang and Ning Zhao and Haitao Ma},
  title   = {{Size effect on IMC growth induced by Cu concentration gradient and pinning of Ag$_3$Sn particles during multiple reflows}},
  journal = {Intermetallics},
  month   = nov,
  year    = 2017,
  volume  = 90,
  pages   = {90--96},
  note    = {\url{https://doi.org/10.1016/j.intermet.2017.06.013}}
}

@Article{Huang_2017,
  author  = {Dongli Huang and Hany {Abdel-Khalik} and Cristian Rabiti and Frederick Gleicher},
  title   = {{Dimensionality reducibility for multi-physics reduced order modeling}},
  journal = {Annals of Nuclear Energy},
  month   = dec,
  year    = 2017,
  volume  = 110,
  pages   = {526--540},
  note    = {\url{https://doi.org/10.1016/j.anucene.2017.06.045}}
}

% DOI was initially not found
% https://doi.org/10.1149/07801.2711ecst
% http://ecst.ecsdl.org/content/78/1/2711.short
@Article{Hsu_2017,
  author  = {Tim Hsu and Rubayyat Mahbub and William K. Epting and Harry Abernathy and Gregory A. Hackett and Anthony D. Rollett and Shawn Litster and Paul A. Salvador},
  title   = {{Towards quantification of local electrochemical parameters in microstructures of solid oxide fuel cell electrodes using high performance computations}},
  journal = {ECS Transactions},
  year    = 2017,
  volume  = 78,
  number  = 1,
  pages   = {2711--2722},
  note    = {\url{https://tinyurl.com/ybtevmtn}}
}

@Article{Davis_2017,
  author  = {Ian Davis and Olivier Courty and Maria Avramova and Arthur Motta},
  title   = {{High-fidelity multi-physics coupling for determination of hydride distribution in Zr-4 cladding}},
  journal = {Annals of Nuclear Energy},
  month   = dec,
  year    = 2017,
  volume  = 110,
  pages   = {475--485},
  note    = {\url{https://doi.org/10.1016/j.anucene.2017.06.049}}
}

@Article{Ballarin_2017,
  author  = {Francesco Ballarin and Elena Faggiano and Andrea Manzoni and Alfio Quarteroni and Gianluigi Rozza and Sonia Ippolito and Carlo Antona and Roberto Scrofani},
  title   = {{Numerical modeling of hemodynamics scenarios of patient-specific coronary artery bypass grafts}},
  journal = {Biomechanics and Modeling in Mechanobiology},
  month   = aug,
  volume  = 16,
  number  = 4,
  pages   = {1373--1399},
  year    = 2017,
  note    = {\url{https://doi.org/10.1007/s10237-017-0893-7}}
}

% https://www.researchgate.net/publication/318041561_A_Hermite_WENO-Based_Slope_Limiter_For_Cell-Centered_Finite_Volume_Methods_On_Unstructured_Meshes
@InProceedings{Xia_2017,
  author    = {Yidong Xia and David Andr{\v{s}} and Richard C. Martineau},
  title     = {{A Hermite WENO-based slope limiter for cell-centered finite volume methods on unstructured meshes}},
  booktitle = {{Proceedings of the International Conference on Mathematics and Computational Methods Applied to Nuclear Science \& Engineering (M\&C 2017)}},
  address   = {Jeju Island, Korea},
  month     = apr # {~16--20,},
  year      = 2017,
  note      = {\url{https://tinyurl.com/yd3p9jsu}}
}

@InProceedings{Jacquey_2017b,
  author    = {A. B. Jacquey and M. Cacace and G. Bl{\"{o}}cher and H. Milsch and F. Deon and M. Scheck-Wenderoth},
  title     = {{Processes responsible for localized deformation within porous rocks: Insights from laboratory experiments and numerical modeling}},
  booktitle = {{Proceedings of the Sixth Biot Conference on Poromechanics (Poromechanics VI)}},
  address   = {Paris, France},
  month     = jul # {~9--13,},
  year      = 2017,
  note      = {\url{https://doi.org/10.1061/9780784480779.225}}
}

@Article{Kunick_2017,
  author  = {M. Kunick and R. A. Berry and R. C. Martineau and H.-J. Kretzschmar and U. Gampe},
  title   = {{Application of the new IAPWS Guideline on the fast and accurate calculation of steam and water properties with the Spline-Based Table Look-Up Method (SBTL) in RELAP-7}},
  journal = {Kerntechnik},
  month   = jul,
  year    = 2017,
  volume  = 82,
  number  = 3,
  pages   = {264--279},
  note    = {\url{https://doi.org/10.3139/124.110802}}
}

% https://www.osti.gov/scitech/biblio/1364779-accomplishments-report
@TechReport{McCarthy_2017,
  author      = {Kathryn A. McCarthy},
  title       = {{Light Water Reactor Sustainability Program Accomplishments Report}},
  institution = {Idaho National Laboratory},
  day         = 30,
  month       = may,
  year        = 2017,
  number      = {INL/EXT-17-42084},
  note        = {\url{https://doi.org/10.2172/1364779}}
}

% https://www.researchgate.net/publication/317613260_GeoProc_2017_Book_of_Abstracts_6th_International_Conference_on_Coupled_THMC_Processes_in_Geosystems
@InProceedings{Rattez_2017,
  author    = {Hadrien Rattez and Ioannis Stefanou and Jean Sulem and Manolis Veveakis and Thomas Poulet},
  title     = {{Numerical analysis of strain localization in a Cosserat continuum with THM couplings}},
  booktitle = {{Proceedings of the 6th International Conference on Coupled THMC Processes in Geosystems (GEOPROC 2017)}},
  address   = {Paris, France},
  editor    = {I. Stefanou and J. Sulem and T. Poulet and K. {Regenauer-Lieb} and M. Veveakis},
  pages     = {114-115},
  month     = jul # {~5--7,},
  year      = 2017,
  note      = {\url{https://tinyurl.com/y886zm5s}}
}

% https://www.researchgate.net/publication/317613260_GeoProc_2017_Book_of_Abstracts_6th_International_Conference_on_Coupled_THMC_Processes_in_Geosystems
@InProceedings{Jacquey_2017,
  author    = {A. B. Jacquey and M. Cacace and G. Bl{\"{o}}cher and H. Milsch and F. Deon},
  title     = {{From localized to homogeneous deformation of porous rocks---insights from laboratory experiments and numerical modelling}},
  booktitle = {{Proceedings of the 6th International Conference on Coupled THMC Processes in Geosystems (GEOPROC 2017)}},
  address   = {Paris, France},
  editor    = {I. Stefanou and J. Sulem and T. Poulet and K. {Regenauer-Lieb} and M. Veveakis},
  pages     = {50-51},
  month     = jul # {~5--7,},
  year      = 2017,
  note      = {\url{https://tinyurl.com/y886zm5s}}
}

% https://www.researchgate.net/publication/317613260_GeoProc_2017_Book_of_Abstracts_6th_International_Conference_on_Coupled_THMC_Processes_in_Geosystems
@InProceedings{Cacace_2017b,
  author    = {M. Cacace and A. B. Jacquey and G. Bl{\"{o}}cher and H. Milsch and F. Deon and M. {Scheck-Wenderoth} and E. Huenges},
  title     = {{Flexible parallel implicit modelling of fractured reservoirs}},
  booktitle = {{Proceedings of the 6th International Conference on Coupled THMC Processes in Geosystems (GEOPROC 2017)}},
  address   = {Paris, France},
  editor    = {I. Stefanou and J. Sulem and T. Poulet and K. {Regenauer-Lieb} and M. Veveakis},
  pages     = {16--17},
  month     = jul # {~5--7,},
  year      = 2017,
  note      = {\url{https://tinyurl.com/y886zm5s}}
}

@Article{XZhao_2017,
  author  = {Xujun Zhao and Jiyuan Li and Xikai Jiang and Dmitry Karpeev and Olle Heinonen and Barry Smith and Juan P. {Hernandez-Ortiz} and Juan J. {de Pablo}},
  title   = {{Parallel $O(N)$ Stokes' solver towards scalable Brownian dynamics of hydrodynamically interacting objects in general geometries}},
  journal = {The Journal of Chemical Physics},
  month   = jun,
  year    = 2017,
  volume  = 146,
  number  = 24,
  pages   = {244114 (12 pages)},
  note    = {\url{https://doi.org/10.1063/1.4989545}}
}

@Article{Peco_2017,
  author  = {Christian Peco and Wei Chen and Yingjie Liu and M. M. Bandi and John E. Dolbow and Eliot Fried},
  title   = {{Influence of surface tension in the surfactant-driven fracture of closely-packed particulate monolayers}},
  journal = {Soft Matter},
  year    = 2017,
  volume  = 13,
  number  = 35,
  pages   = {5832--5841},
  note    = {\url{https://doi.org/10.1039/C7SM01245D}, ArXiv e-print: \url{https://arxiv.org/abs/1706.08729}}
}

@Article{Rossi_2017,
  author  = {Simone Rossi and Boyce E. Griffith},
  title   = {{Incorporating inductances in tissue-scale models of cardiac electrophysiology}},
  journal = {Chaos: An Interdisciplinary Journal of Nonlinear Science},
  month   = sep,
  year    = 2017,
  volume  = 27,
  number  = 9,
  pages   = {093926 (18 pages)},
  note    = {\url{https://doi.org/10.1063/1.5000706}, ArXiv e-print: \url{https://arxiv.org/abs/1706.08490}}
}

@Article{Nguyen_2017,
  author  = {Tat Nghia Nguyen and Thomas J. Downar},
  title   = {Surrogate-based multi-experiment calibration of the {BISON} fission gas behavior model},
  journal = {Nuclear Engineering and Design},
  month   = aug,
  year    = 2017,
  volume  = 320,
  pages   = {409--417},
  note    = {\url{https://doi.org/10.1016/j.nucengdes.2017.06.007}}
}

% Large deformation version of Berger_2015.
% https://tinyurl.com/jpvz6z6
% http://www.cs.ox.ac.uk/people/lorenz.berger/nonlinear-poroelasticity.pdf
% author:berger author:bordas author:kay author:tavener nonlinear poroelasticity
@Article{Berger_2017,
  author  = {Lorenz Berger and Rafel Bordas and David Kay and Simon Tavener},
  title   = {A stabilized finite element method for finite-strain three-field poroelasticity},
  journal = {Computational Mechanics},
  volume  = 60,
  number  = 1,
  month   = jul,
  year    = 2017,
  pages   = {51--68},
  note    = {\url{https://doi.org/10.1007/s00466-017-1381-8}}
}

@InProceedings{Schunert_2017b,
  author    = {Sebastian Schunert and Daniel Schwen and Pedram Ghassemi and Benjamin Baker and Adam Zabriskie and Javier Ortensi and Yaqi Wang and Frederick Gleicher and Mark DeHart and Richard Martineau},
  title     = {{Heat source characterization in a TREAT fuel particle using coupled neutronics binary collision Monte-Carlo calculations}},
  booktitle = {{Proceedings of the International Conference on Mathematics and Computational Methods Applied to Nuclear Science \& Engineering (M\&C 2017)}},
  address   = {Jeju Island, Korea},
  month     = apr # {~16--20,},
  year      = 2017,
  note      = {\url{https://www.osti.gov/biblio/1369423}}
}

% author:bair author:zaeem effects of applied strain
@Misc{Bair_2017b,
  author       = {Jacob Bair and Mohsen Asle Zaeem},
  title        = {{Effects of applied strain on formation, shape evolution, and reorientation of multiphase zirconium hydrides: A multiphase field modeling study}},
  month        = jun,
  year         = 2017,
  howpublished = {ArXiv e-print},
  note         = {\url{https://arxiv.org/abs/1706.01097}}
}

@Article{Resende_2017,
  author  = {Anna Claudia Resende and Regina Almeida and Ernesto Lima},
  title   = {{Hierarchical models of tumor growth}},
  journal = {Proceeding Series of the Brazilian Society of Computational and Applied Mathematics},
  year    = 2017,
  volume  = 5,
  number  = 1,
  pages   = {010063 (7 pages)},
  note    = {\url{https://doi.org/10.5540/03.2017.005.01.0063}, Presented at Congresso Nacional de Matem{\'{a}}tica Aplicada e Computacional (CNMAC 2016), Gramado, Rio Grande do Sul, Brazil, Sep.~5--9, 2016}
}

% "...the resulting discrete forms are implemented in C++ using the open source libMesh library"
@InProceedings{Resende_2017b,
  author    = {Anna Claudia M. Resende and Regina C. Almeida and Ernesto A. B. F. Lima and Brendon J. Rodrigues},
  title     = {A continuum description of vascular tumor growth},
  booktitle = {{Proceedings of the XXXVIII Iberian Latin-American Congress on Computational Methods in Engineering (CILAMCE 2017)}},
  address   = {Florian{\'{o}}polis, Santa Catarina, Brazil},
  editor    = {P. O. Faria and R. H. Lopez and L. F. F. Miguel and W. J. S. Gomes and M. Noronha},
  month     = nov # {~5--8,},
  year      = 2017,
  note      = {\url{https://doi.org/10.20906/CPS/CILAMCE2017-0360}}
}

% libMesh
% "We do this by means of the finite element method, using the finite element library libMesh ..."
@Article{Lahabi_2017,
  author  = {Kaveh Lahabi and Morten Amundsen and Jabir Ali Ouassou and Ewout Beukers and Menno Pleijster and Jacob Linder and Paul Alkemade and Jan Aarts},
  title   = {Controlling supercurrents and their spatial distribution in ferromagnets},
  journal = {Nature Communications},
  month   = dec,
  year    = 2017,
  volume  = 8,
  number  = 1,
  pages   = {2056 (7 pages)},
  note    = {\url{https://doi.org/10.1038/s41467-017-02236-2}, ArXiv e-print: \url{https://arxiv.org/abs/1705.07020}}
}

@Article{Delchini_2017b,
  author  = {Marc O. Delchini and Jean C. Ragusa and Ray A. Berry},
  title   = {{Simulations of single- and two-phase shock tubes and gravity-driven wave problems with the RELAP-7 nuclear reactor system analysis code}},
  journal = {Nuclear Engineering and Design},
  month   = aug,
  year    = 2017,
  volume  = 319,
  pages   = {106--116},
  note    = {\url{https://doi.org/10.1016/j.nucengdes.2017.04.034}}
}

@Article{Hulikal_2017,
  author  = {Srivatsan Hulikal and Allan Bower},
  title   = {{On the role of heterogeneity in phase-transforming electrodes: Origin of zero-current hysteresis}},
  journal = {Journal of The Electrochemical Society},
  month   = may,
  year    = 2017,
  volume  = 164,
  number  = 7,
  pages   = {A1401--A1411},
  note    = {\url{https://doi.org/10.1149/2.0011707jes}}
}

@Article{Berry_2017,
  author  = {Bruce E. Berry and Paul C. Millett},
  title   = {Phase-field simulations of the impact of bimodal pore size distributions on solid-state densification},
  journal = {Journal of Nuclear Materials},
  month   = aug,
  volume  = 491,
  pages   = {48--54},
  year    = 2017,
  note    = {\url{https://doi.org/10.1016/j.jnucmat.2017.04.050}}
}

@Article{Gamble_2017,
  author  = {K. A. Gamble and T. Barani and D. Pizzocri and J. D. Hales and K. A. Terrani and G. Pastore},
  title   = {{An investigation of FeCrAl cladding behavior under normal operating and loss of coolant conditions}},
  journal = {Journal of Nuclear Materials},
  month   = aug,
  year    = 2017,
  volume  = 491,
  pages   = {55--66},
  note    = {\url{https://doi.org/10.1016/j.jnucmat.2017.04.039}}
}

@TechReport{Hu_2017b,
  author      = {Rui Hu},
  title       = {{SAM} theory manual},
  institution = {Argonne National Laboratory},
  day         = 1,
  month       = mar,
  year        = 2017,
  number      = {ANL/NE--17/4},
  note        = {\url{https://doi.org/10.2172/1353375}}
}

% https://neup.inl.gov/SiteAssets/Final%20%20Reports/FY%202011/11-3056%20NEUP%20Final%20Report.pdf
@TechReport{Estep_2017,
  author      = {Donald Estep},
  title       = {{Multiscale modeling and uncertainty quantification for nuclear fuel performance}},
  institution = {Nuclear Energy Advanced Modeling and Simulation (NEAMS)},
  day         = 24,
  month       = mar,
  year        = 2017,
  number      = {11-3506},
  note        = {\url{https://tinyurl.com/koemrjy}}
}

@InProceedings{Lesueur_2017,
  author    = {Martin Lesueur and Maria Camila Casadiego and Thomas Poulet and Manolis Veveakis},
  title     = {Framework for multiscale flow simulation of deformable rocks},
  booktitle = {{Bifurcation and degradation of geomaterials with engineering applications: Proceedings of the 11th International Workshop on Bifurcation and Degradation in Geomaterials (IWBDG 2017)}},
  address   = {Limassol, Cyprus},
  editor    = {E. Papamichos and P. Papanastasiou and E. Pasternak and A. Dyskin},
  pages     = {475--480},
  month     = may # {~21--25,},
  year      = 2017,
  note      = {\url{https://doi.org/10.1007/978-3-319-56397-8_60}}
}

% https://www.osti.gov/biblio/1355891
@TechReport{Godfrey_2017,
  author      = {Andrew T. Godfrey and Benjamin S. Collins and Cole A. Gentry and Shane G. Stimpson and John A. Ritchie},
  title       = {{Watts Bar Unit 2 startup results with VERA}},
  institution = {Consortium for Advanced Simulation of LWRs (CASL)},
  day         = 31,
  month       = mar,
  year        = 2017,
  number      = {CASL-U-2017-1306-000},
  note        = {\url{https://doi.org/10.2172/1355891}}
}

% This paper describes the MooseViewer, which is used to visualize results in the CAVE.
@InProceedings{Oleary_2017,
  author    = {Patrick O'Leary and Sankhesh Jhaveri and Aashish Chaudhary and William Sherman and Ken Martin and David Lonie and Eric Whiting and James Money and Sandy McKenzie},
  title     = {{Enhancements to VTK enabling scientific visualization in immersive environments}},
  booktitle = {{Proceedings of IEEE Virtual Reality (VR)}},
  address   = {Los Angeles, California},
  pages     = {186--194},
  month     = mar # {~18--22,},
  year      = 2017,
  note      = {\url{https://doi.org/10.1109/VR.2017.7892246}}
}

@Article{Ahmed_2017,
  author  = {Karim Ahmed and Michael Tonks and Yongfeng Zhang and Bulent Biner and Anter El-Azab},
  title   = {{Particle-grain boundary interactions: A phase field study}},
  journal = {Computational Materials Science},
  month   = jun,
  year    = 2017,
  volume  = 134,
  pages   = {25--37},
  note    = {\url{https://doi.org/10.1016/j.commatsci.2017.03.025}}
}

% https://www.researchgate.net/profile/Li_Luo36/publication/311510797_A_parallel_two-phase_flow_solver_on_unstructured_mesh_in_3D/links/58498f2808ae686033a76801/A-parallel-two-phase-flow-solver-on-unstructured-mesh-in-3D.pdf
% Proceedings of the 23rd International Conference on Domain Decomposition Methods
% Jeju Island, Korea, July 6-10, 2015.
@InCollection{Luo_2017,
  author    = {Li Luo and Qian Zhang and Xiao-Ping Wang and Xiao-Chuan Cai},
  editor    = {C.-O. Lee and X.-C. Cai and D. E. Keyes and H. H. Kim and A. Klawonn and E.-J. Park and O. B. Widlund},
  title     = {{A parallel two-phase flow solver on unstructured mesh in 3D}},
  pages     = {379--387},
  year      = 2017,
  booktitle = {Domain Decomposition Methods in Science and Engineering},
  volume    = {XXIII},
  publisher = {Springer},
  note      = {\url{https://doi.org/10.1007/978-3-319-52389-7_39}}
}

% http://iopscience.iop.org/10.1088/1361-6595/aa638b
@Article{Sahai_2017,
  author  = {A. Sahai and N. N. Mansour and B. Lopez and M. Panesi},
  title   = {{Modeling of high pressure arc-discharge with a fully-implicit Navier-Stokes stabilized finite element flow solver}},
  journal = {Plasma Sources Science and Technology},
  month   = apr,
  year    = 2017,
  volume  = 26,
  number  = 5,
  pages   = {055012 (21 pages)},
  note    = {\url{https://doi.org/10.1088/1361-6595/aa638b}}
}

% http://www.sciencedirect.com/science/article/pii/S0306454916307423
@Article{Tonks_2017,
  author  = {Michael R. Tonks and David Andersson and Simon R. Phillpot and Yongfeng Zhang and Richard Williamson and Christopher R. Stanek and Blas P. Uberuaga and Steven L. Hayes},
  title   = {{Mechanistic materials modeling for nuclear fuel performance}},
  journal = {Annals of Nuclear Energy},
  month   = jul,
  year    = 2017,
  volume  = 105,
  pages   = {11--24},
  note    = {\url{https://doi.org/10.1016/j.anucene.2017.03.005}}
}

@Article{Schunert_2017,
  author  = {Sebastian Schunert and Yaqi Wang and Frederick Gleicher and Javier Ortensi and Benjamin Baker and Vincent Labour{\'{e}} and Congjian Wang and Mark DeHart and Richard Martineau},
  title   = {{A flexible nonlinear diffusion acceleration method for the $S_N$ transport equations discretized with discontinuous finite elements}},
  journal = {Journal of Computational Physics},
  month   = jun,
  year    = 2017,
  volume  = 338,
  pages   = {107--136},
  note    = {\url{https://doi.org/10.1016/j.jcp.2017.01.070}}
}

@Article{Laboure_2017,
  author  = {Vincent M. Labour{\'{e}} and Ryan G. McClarren and Yaqi Wang},
  title   = {Globally conservative, hybrid self-adjoint angular flux and least-squares method compatible with void},
  journal = {Nuclear Science and Engineering},
  year    = 2017,
  volume  = 185,
  number  = 2,
  pages   = {294--306},
  note    = {\url{https://doi.org/10.1080/00295639.2016.1272374}, ArXiv e-print: \url{http://arxiv.org/abs/1605.05388}}
}

@Article{Poulet_2017,
  author  = {Thomas Poulet and Martin Paesold and Manolis Veveakis},
  title   = {{Multi-physics modelling of fault mechanics using REDBACK: A parallel open-source simulator for tightly coupled problems}},
  journal = {Rock Mechanics and Rock Engineering},
  month   = mar,
  year    = 2017,
  volume  = 50,
  number  = 3,
  pages   = {733--749},
  note    = {\url{https://doi.org/10.1007/s00603-016-0927-y}}
}

@Article{Schwen_2017,
  author  = {D. Schwen and L. K. Aagesen and J. W. Peterson and M. R. ~Tonks},
  title   = {Rapid multiphase-field model development using a modular free energy based approach with automatic differentiation in {MOOSE/MARMOT}},
  journal = {Computational Materials Science},
  month   = may,
  year    = 2017,
  volume  = 132,
  pages   = {36--45},
  note    = {\url{https://doi.org/10.1016/j.commatsci.2017.02.017}, arXiv e-print: \url{https://arxiv.org/abs/1702.06450}}
}

% https://www.researchgate.net/profile/Rebecca_Tung2/publication/318743402_The_Onset_of_Convection_in_Faulted_Aquifers/links/597ad0cfaca272e8cc385e26/The-Onset-of-Convection-in-Faulted-Aquifers.pdf
@InProceedings{Tung_2017,
  author    = {Rebecca Tung and Thomas Poulet and Manolis Veveakis and Sotiris Alevizos and Klaus Regenauer-Lieb},
  title     = {The onset of convection in faulted aquifers},
  booktitle = {{Proceedings of the 42nd Workshop on Geothermal Reservoir Engineering}},
  address   = {Stanford, California},
  month     = feb # {~13--15,},
  year      = 2017,
  note      = {Paper SGP-TR-212, \url{https://tinyurl.com/rdsexp3}}
}

% Book of abstracts link: https://conferences.iaea.org/indico/event/126/abstract-book.pdf
@InProceedings{Sofu_2017,
  author    = {Tanju Sofu and Justin Thomas},
  title     = {{US DOE NEAMS program and SHARP multi-physics toolkit for high-fidelity SFR core design and analysis}},
  booktitle = {{International Conference on Fast Reactors and Related Fuel Cycles: Next Generation Nuclear Systems for Sustainable Development (FR17)}},
  address   = {Yekaterinburg, Russia},
  publisher = {International Atomic Energy Agency},
  month     = jun # {~26--29,},
  year      = 2017,
  note      = {Paper IAEA-CN-245-054, \url{https://tinyurl.com/yd3hxgmo}}
}

% Book of abstracts link: https://conferences.iaea.org/indico/event/126/abstract-book.pdf
@InProceedings{Unal_2017,
  author    = {C. Unal and X. Li and J. Isler and S. Abid and J. Zhang and C. Matthews and C. Arnold and J. Galloway and N. Carlson and R. Mariani},
  title     = {{Modeling of lanthanide transport in metallic fuels: Recent progress}},
  booktitle = {{International Conference on Fast Reactors and Related Fuel Cycles: Next Generation Nuclear Systems for Sustainable Development (FR17)}},
  address   = {Yekaterinburg, Russia},
  publisher = {International Atomic Energy Agency},
  month     = jun # {~26--29,},
  year      = 2017,
  note      = {Paper IAEA-CN-245-350, \url{https://tinyurl.com/yd3hxgmo}}
}

% Book of abstracts link: https://conferences.iaea.org/indico/event/126/abstract-book.pdf
% Don't know how long this link will be valid...
% https://media.superevent.com/documents/20170620/c7536dffdad4b790d6f14e3a1f044e85/fr17-366.pdf
@InProceedings{Matthews_2017,
  author    = {Christopher Matthews and Jack Galloway and Cetin Unal},
  title     = {{BISON for metallic fuels modelling}},
  booktitle = {{International Conference on Fast Reactors and Related Fuel Cycles: Next Generation Nuclear Systems for Sustainable Development (FR17)}},
  address   = {Yekaterinburg, Russia},
  publisher = {International Atomic Energy Agency},
  month     = jun # {~26--29,},
  year      = 2017,
  note      = {Paper IAEA-CN-245-366, \url{https://tinyurl.com/yd3hxgmo}}
}

@Article{Ellis_2017,
  author  = {Matthew Ellis and Derek Gaston and Benoit Forget and Kord Smith},
  title   = {{Preliminary coupling of the Monte Carlo code OpenMC and the Multiphysics Object-Oriented Simulation Environment for analyzing Doppler feedback in Monte Carlo simulations}},
  journal = {Nuclear Science and Engineering},
  month   = jan,
  year    = 2017,
  volume  = 185,
  number  = 1,
  pages   = {184--193},
  note    = {\url{https://doi.org/10.13182/NSE16-26}}
}

@Article{Mangeri_2017,
  author  = {John Mangeri and Yomery Espinal and Andrea Jokisaari and S. Pamir Alpay and Serge Nakhmanson and Olle Heinonen},
  title   = {Topological phase transformations and intrinsic size effects in ferroelectric nanoparticles},
  journal = {Nanoscale},
  month   = jan,
  year    = 2017,
  volume  = 9,
  number  = 4,
  pages   = {1616--1624},
  note    = {\url{https://doi.org/10.1039/C6NR09111C}}
}

% IBAMR
@Article{Hoover_2017,
  author  = {Alexander P. Hoover and Boyce E. Griffith and Laura A. Miller},
  title   = {Quantifying performance in the medusan mechanospace with an actively swimming three-dimensional jellyfish model},
  journal = {Journal of Fluid Mechanics},
  month   = feb,
  year    = 2017,
  volume  = 813,
  pages   = {1112--1155},
  note    = {\url{https://doi.org/10.1017/jfm.2017.3}}
}

@Article{Barani_2017,
  author  = {T. Barani and E. Bruschi and D. Pizzocri and G. Pastore and P. {Van Uffelen} and R. L. Williamson and L. Luzzi},
  title   = {{Analysis of transient fission gas behaviour in oxide fuel using BISON and TRANSURANUS}},
  journal = {Journal of Nuclear Materials},
  volume  = 486,
  month   = apr,
  year    = 2017,
  pages   = {96--110},
  note    = {\url{https://doi.org/10.1016/j.jnucmat.2016.10.051}}
}

% MOOSE
@Article{Zhang_2017,
  author  = {Yu Zhang and George C. Schatz},
  title   = {Advantages of conical pores for ion pumps},
  journal = {The Journal of Physical Chemistry C},
  volume  = 121,
  number  = 1,
  pages   = {161--168},
  year    = 2017,
  note    = {\url{https://doi.org/10.1021/acs.jpcc.6b10713}}
}

% Uses MAST, which is Manav Bhatia's code
% http://arc.aiaa.org/doi/abs/10.2514/6.2017-1302
@InProceedings{Neiferd_2017,
  author    = {David J. Neiferd and Ramana V. Grandhi and Joshua D. Deaton and Philip S. Beran and Manav Bhatia},
  title     = {A nonlinear finite element analysis capability for the optimization of thermoelastic structures},
  booktitle = {{Proceedings of the 58th AIAA/ASCE/AHS/ASC Structures, Structural Dynamics, and Materials Conference}},
  address   = {Grapevine, Texas},
  month     = jan # {~9--13,},
  year      = 2017,
  note      = {\url{https://doi.org/10.2514/6.2017-1302}}
}

@InProceedings{Bauman_2017,
  author    = {Paul T. Bauman and Timothy R. Adowski},
  title     = {Modeling laser attenuation in reacting flows using adaptive finite elements},
  booktitle = {{55th AIAA Aerospace Sciences Meeting}},
  address   = {Grapevine, Texas},
  month     = jan # {~9--13,},
  year      = 2017,
  note      = {\url{https://doi.org/10.2514/6.2017-0215}}
}

@Article{Zhao_2017,
  author  = {L. Zhao and P. Chakraborty and M. R. Tonks and I. Szlufarska},
  title   = {{On the plastic driving force of grain boundary migration: A fully coupled phase field and crystal plasticity model}},
  journal = {Computational Materials Science},
  month   = feb,
  year    = 2017,
  volume  = 128,
  pages   = {320--330},
  note    = {\url{https://doi.org/10.1016/j.commatsci.2016.11.044}}
}

@Article{Adhikary_2017,
  author  = {D. P. Adhikary and C. T. Jayasundara and R. K. Podgorney and A. H. Wilkins},
  title   = {A robust return-map algorithm for general multisurface plasticity},
  journal = {International Journal for Numerical Methods in Engineering},
  volume  = 109,
  number  = 2,
  month   = jan,
  year    = 2017,
  pages   = {218--234},
  note    = {\url{https://doi.org/10.1002/nme.5284}}
}

@Article{Yuryev_2017,
  author  = {D. V. Yuryev and M. J. Demkowicz},
  title   = {Modeling growth, coalescence, and stability of helium precipitates on patterned interfaces},
  journal = {Modelling and Simulation in Materials Science and Engineering},
  year    = 2017,
  volume  = 25,
  number  = 1,
  pages   = {015003 (15 pages)},
  note    = {\url{https://doi.org/10.1088/0965-0393/25/1/015003}}
}

@Article{Hu_2017,
  author  = {Rui Hu},
  title   = {{A fully-implicit high-order system thermal-hydraulics model for advanced non-LWR safety analyses}},
  journal = {Annals of Nuclear Energy},
  month   = mar,
  year    = 2017,
  volume  = 101,
  pages   = {174--181},
  note    = {\url{https://doi.org/10.1016/j.anucene.2016.11.004}}
}

@Article{Bair_2017,
  author  = {Jacob Bair and Mohsen Asle Zaeem and Daniel Schwen},
  title   = {Formation path of $\delta$ hydrides in zirconium by multiphase field modeling},
  journal = {Acta Materialia},
  month   = jan,
  year    = 2017,
  volume  = 123,
  pages   = {235--244},
  note    = {\url{https://doi.org/10.1016/j.actamat.2016.10.056}}
}

@Article{Green_2017,
  author  = {David K. E. Green},
  title   = {{Efficient Markov chain Monte Carlo for combined subset simulation and nonlinear finite element analysis}},
  journal = {Computer Methods in Applied Mechanics and Engineering},
  volume  = 313,
  month   = jan,
  year    = 2017,
  pages   = {337--361},
  note    = {\url{https://doi.org/10.1016/j.cma.2016.10.012}}
}

@Article{Montgomery_2017,
  author  = {Robert Montgomery and Carlos Tom{\'{e}} and Wenfeng Liu and Alankar Alankar and Gopinath Subramanian and Christopher Stanek},
  title   = {Use of multiscale zirconium alloy deformation models in nuclear fuel behavior analysis},
  journal = {Journal of Computational Physics},
  volume  = 328,
  month   = jan,
  year    = 2017,
  pages   = {278--300},
  note    = {\url{https://doi.org/10.1016/j.jcp.2016.09.051}}
}

@Article{Jokisaari_2017,
  author  = {A. M. Jokisaari and P. W. Voorhees and J. E. Guyer and J. Warren and O. G. Heinonen},
  title   = {Benchmark problems for numerical implementations of phase field models},
  journal = {Computational Materials Science},
  month   = jan,
  year    = 2017,
  volume  = 126,
  pages   = {139--151},
  note    = {\url{https://doi.org/10.1016/j.commatsci.2016.09.022}}
}
