% https://tel.archives-ouvertes.fr/tel-00263816v3/document
@phdthesis{Anciaux_2007,
  author = {Guillaume Anciaux},
  school = {Universit{\'{e}} Sciences et Technologies -- Bordeaux I},
  title  = {{Simulation multi-{\'{e}}chelles des solides par une approche coupl{\'{e}}e dynamique mol{\'{e}}culaire/{\'{e}}l{\'{e}}ments finis. De la mod{\'{e}}lisation {\`{a}} la simulation haute performance.}},
  note   = {\url{https://tinyurl.com/y7gv9pof}},
  month  = jul,
  year   = 2007
}

% https://repositories.lib.utexas.edu/handle/2152/13302
@phdthesis{Kirk_Dissertation,
  author = {Benjamin Shelton Kirk},
  school = {ASE-EM dept., The University of Texas at Austin},
  title  = {{Adaptive Finite Element Simulation of Flow and Transport Applications on Parallel Computers}},
  note   = {\url{https://tinyurl.com/j7erk2u}},
  month  = may,
  year   = 2007
}

% http://data.mecheng.adelaide.edu.au/avc/publications/public_papers/2007/kidner_icsv14_2007_p577.pdf
@InProceedings{Kidner_2007,
  author    = {M. R. F. Kidner and K. Idrisi and J. P. Carneal and M. E. Johnson},
  title     = {Comparison of experiment, finite element, and wave based models for mass inclusions in poro-elastic layers},
  booktitle = {{Proceedings of the 14th International Congress on Sound \& Vibration (ICSV14)}},
  address   = {Cairns, Australia},
  year      = 2007,
  month     = jul # {~9--12,},
  note      = {\url{https://tinyurl.com/nocpu6h}}
}

% https://www.researchgate.net/publication/221133009_A_Study_of_Dynamically_Adaptive_Partitioning_for_AMR
@InProceedings{Steensland_2007,
  author    = {Johan Steensland and John Peterson},
  title     = {{A study of dynamically adaptive partitioning for AMR}},
  booktitle = {{Proceedings of the 2007 International Conference on Parallel and Distributed Processing Techniques and Applications (PDPTA'07) Volume 2}},
  month     = jun # {~25--28,},
  pages     = {503--509},
  address   = {Las Vegas, Nevada},
  publisher = {CSREA Press},
  year      = 2007,
  note      = {ISBN: 1-60132-021-3, \url{https://tinyurl.com/j9gjz9l}}
}

% https://smartech.gatech.edu/bitstream/handle/1853/47961/Nam_3.6.4.pdf?sequence=1&isAllowed=y
@InProceedings{Nam_2007,
  author    = {Kijin Nam and Mustafa M. Aral},
  title     = {Optimal placement of monitoring sensors in lakes},
  booktitle = {Proceedings of the 2007 Georgia Water Resources Conference},
  address   = {Athens, Georgia},
  month     = mar # {~27--29,},
  year      = 2007,
  note      = {\url{https://tinyurl.com/hmwj83z}}
}

@Article{Biermann_2007,
  author    = {Jan Biermann and Otto von Estorff and Steffen Petersen and Holger Schmidt},
  title     = {Computational model to investigate the sound radiation from rolling tires},
  journal   = {Tire Science and Technology},
  month     = sep,
  year      = 2007,
  volume    = 35,
  number    = 3,
  pages     = {209--225},
  note      = {\url{https://doi.org/10.2346/1.2768608}}
}

@Article{Anderson_2007,
  author  = {Matthew Anderson and Jung-Han Kimn},
  title   = {A numerical approach to space-time finite elements for the wave equation},
  journal = {Journal of Computational Physics},
  month   = sep,
  year    = 2007,
  volume  = 226,
  number  = 1,
  pages   = {466--476},
  note    = {\url{https://doi.org/10.1016/j.jcp.2007.04.021}, ArXiv e-print: \url{https://arxiv.org/abs/gr-qc/0601099}}
}

@Article{AufderMaur_2007,
  author  = {M. {Auf der Maur} and M. Povolotskyi and F. Sacconi and A. {Di Carlo}},
  title   = {{TIBERCAD: A new multiscale simulator for electronic and optoelectronic devices}},
  journal = {Superlattices and Microstructures},
  month   = {May--June},
  year    = 2007,
  volume  = 41,
  number  = {5--6},
  pages   = {381--385},
  note    = {\url{https://doi.org/10.1016/j.spmi.2007.03.011}}
}

@Article{Peterson_2007,
  author  = {J. W. Peterson and G. F. Carey and D. J. Knezevic and B. T. Murray},
  title   = {Adaptive finite element methodology for tumor angiogenesis modeling},
  journal = {International Journal for Numerical Methods in Engineering},
  month   = feb,
  year    = 2007,
  volume  = 69,
  number  = 6,
  pages   = {1212--1238},
  note    = {\url{https://doi.org/10.1002/nme.1802}}
}

@Article{Stogner_2007,
  author  = {Roy H. Stogner and Graham F. Carey},
  title   = {{$C^1$} macroelements in adaptive finite element methods},
  journal = {International Journal for Numerical Methods in Engineering},
  volume  = 70,
  number  = 9,
  pages   = {1076--1095},
  month   = may,
  year    = 2007,
  note    = {\url{https://doi.org/10.1002/nme.1912}}
}

@Comment LocalWords:  InProceedings Kidner Idrisi poro booktitle th ICSV jul di
@Comment LocalWords:  Steensland AMR PDPTA Las CSREA Biermann
@Comment LocalWords:  von Estorff TIRSOC Kimn eprint sep Auf
@Comment LocalWords:  AufderMaur der Maur Povolotskyi Sacconi
@Comment LocalWords:  TIBERCAD multiscale Superlattices
@Comment LocalWords:  Microstructures angiogenesis Stogner
@Comment LocalWords:  macroelements optoelectronic
