@phdthesis{Petersen_Thesis,
  author = {Steffen Petersen},
  school = {Technischen Universit{\"{a}}t Hamburg-Harburg},
  title  = {{Adaptive finite und infinite Elementemethoden in der Akustik}},
  note   = {\url{https://tinyurl.com/hdz4ysc}},
  month  = dec,
  year   = 2006
}

@InProceedings{Anciaux_2006,
  author    = {G. Anciaux and O. Coulaud and J. Roman},
  title     = {{High performance multiscale simulation of crack propagation}},
  booktitle = {{International Conference on Parallel Processing Workshops (ICPPW'06)}},
  editor    = {T. M. Pinkston and F. Ozguner},
  address   = {Columbus, Ohio},
  pages     = {480--487},
  month     = aug # {~14--18,},
  year      = 2006,
  note      = {\url{https://doi.org/10.1109/ICPPW.2006.39}}
}

% http://arc.aiaa.org/doi/abs/10.2514/6.2006-180
@InProceedings{Marichalar_2006b,
  author    = {Jeremiah J. Marichalar and William C. Rochelle and Benjamin S. Kirk and Charles H. Campbell},
  title     = {{BLIMPK/Streamline surface catalytic heating predictions on the space shuttle orbiter}},
  booktitle = {{44th AIAA Aerospace Sciences Meeting and Exhibit}},
  address   = {Reno, Nevada},
  month     = jan # {~9--12,},
  year      = 2006,
  note      = {\url{https://doi.org/10.2514/6.2006-180}}
}

@InProceedings{Basmat_2006,
  author    = {A. Basmat and M. Markiewicz and S. Petersen},
  title     = {Interaction of a second-order solitary wave with an array of four vertical cylinders},
  booktitle = {{Proceedings of the 25th International Conference on Offshore Mechanics and Arctic Engineering}},
  address   = {Hamburg, Germany},
  pages     = {209--216},
  publisher = {ASME},
  month     = jun # {~4--9,},
  year      = 2006,
  note      = {\url{https://doi.org/10.1115/OMAE2006-92185}}
}

% http://citeseerx.ist.psu.edu/viewdoc/download?doi=10.1.1.529.2559&rep=rep1&type=pdf
@InProceedings{Simedrea_2006b,
  author    = {Paul Simedrea and Luca Antiga and David A. Steinman},
  title     = {Towards a new framework for simulating magnetic resonance imaging},
  booktitle = {{First Canadian Student Conference on Biomedical Computing (CSCBC 2006)}},
  address   = {Kingston, Ontario, Canada},
  month     = mar # {~17--19,},
  year      = 2006,
  note      = {\url{https://tinyurl.com/zld9lzj}}
}

% http://afni.nimh.nih.gov/sscc/staff/rwcox/ISMRM_2006/ISMRM%202006%20-%203340/files/02946.pdf
@Article{Simedrea_2006,
  author  = {P. Simedrea and L. Antiga and D. A. Steinman},
  title   = {{FE-MRI: Simulation of MRI using arbitrary finite elements}},
  journal = {Proceedings of the International Society for Magnetic Resonance in Medicine},
  year    = 2006,
  volume  = 14,
  pages   = {2946},
  note    = {\url{https://tinyurl.com/ntov2um}}
}

% http://www.inf.ufes.br/~luciac/papers/CIL04_557.pdf
@InProceedings{Catabriga_2006,
  author    = {Lucia Catabriga and Jos{\'{e}} J. Camata and Andrea M. P. Valli and Alvaro L. G. A. Coutinho and Graham F. Carey},
  title     = {{Reordering effects on preconditioned Krylov methods in AMR solutions of flow and transport}},
  booktitle = {{Proceedings of the XXVII Iberian Latin-American Congress on Computational Methods in Engineering (CILAMCE)}},
  address   = {Bel{\'{e}}m, Par{\'{a}}, Brazil},
  publisher = {Brazilian Assoc. for Comp. Mechanics \& Latin American Assoc. of Comp. Methods in Engineering},
  year      = 2006,
  month     = sep # {~3--6,},
  note      = {Paper CIL04-557, \url{https://tinyurl.com/h6p6sen}}
}

@Article{Estorff_2006,
  author  = {Otto von Estorff and Steffen Petersen},
  title   = {Vibro-acoustic investigations using finite and infinite elements},
  journal = {{Proceedings of the Gesellschaft f{\"{u}}r Angewandte Mathematik und Mechanik (GAMM) Annual Meeting 2006 (PAMM)}},
  month   = dec,
  year    = 2006,
  volume  = 6,
  number  = 1,
  pages   = {615--616},
  note    = {\url{https://doi.org/10.1002/pamm.200610288}}
}

% Only cites the website, so I had not seen it before
@Article{Berrone_2006,
  author  = {Stefano Berrone},
  title   = {Robust a posteriori error estimates for finite element discretizations of the heat equation with discontinuous coefficients},
  journal = {Mathematical Modelling and Numerical Analysis (M2AN)},
  month   = nov,
  year    = 2006,
  volume  = 40,
  number  = 6,
  pages   = {991--1021},
  note    = {\url{https://doi.org/10.1051/m2an:2006034}}
}

% http://www.maths.warwick.ac.uk/multiscale/MSPreprints/ox-NA-19-06.pdf
@TechReport{Knezevic_2006,
  author      = {David Knezevic},
  title       = {Finite element methods for deterministic simulation of polymeric fluids},
  institution = {Oxford University Computing Laboratory},
  month       = oct,
  year        = 2006,
  number      = {NA-06/19},
  note        = {\url{https://tinyurl.com/hcvfxln}}
}

@Article{Marichalar_2006,
  author  = {Jeremiah J. Marichalar and William C. Rochelle and Benjamin S. Kirk and Charles H. Campbell},
  title   = {Boundary layer/stream\-line surface catalytic heating predictions on space shuttle orbiter},
  journal = {Journal of Spacecraft and Rockets},
  year    = 2006,
  volume  = 43,
  number  = 6,
  pages   = {1202--1215},
  note    = {\url{https://doi.org/10.2514/1.23082}}
}

@Article{Schindler_2006,
  author  = {Michael Schindler and Peter Talkner and Peter H{\"{a}}nggi},
  title   = {Computing stationary free-surface shapes in microfluidics},
  journal = {Physics of Fluids},
  year    = 2006,
  month   = oct,
  volume  = 18,
  number  = 10,
  pages   = {103303},
  note    = {\url{https://doi.org/10.1063/1.2361291}, ArXiv e-print: \url{https://arxiv.org/abs/physics/0511217}}
}

@Article{Petersen_2006,
  author  = {Steffen Petersen and Daniel Dreyer and Otto von Estorff},
  title   = {Assessment of finite and spectral element shape functions for efficient iterative simulations of interior acoustics},
  journal = {Computer Methods in Applied Mechanics and Engineering},
  month   = sep,
  year    = 2006,
  volume  = 195,
  number  = {44--47},
  pages   = {6463--6478},
  note    = {\url{https://doi.org/10.1016/j.cma.2006.01.008}}
}

@Article{Dreyer_2006,
  author  = {D. Dreyer and S. Petersen and O. von Estorff},
  title   = {Effectiveness and robustness of improved infinite elements for exterior acoustics},
  journal = {Computer Methods in Applied Mechanics and Engineering},
  volume  = 195,
  number  = {29--32},
  pages   = {3591--3607},
  year    = 2006,
  note    = {\url{https://doi.org/10.1016/j.cma.2005.01.019}}
}

@InProceedings{Crookston_2006,
  author    = {J. J. Crookston and W. Ruijter and A. C. Long and I. A. Jones},
  title     = {Modelling mechanical performance including damage development for textile composites using a grid-based finite element method with adaptive mesh refinement},
  booktitle = {{Proceedings of the 8th International Conference on Textile Composites (TEXCOMP-8)}},
  month     = oct # {~16--18,},
  address   = {Nottingham, UK},
  year      = 2006
}

@Comment LocalWords:  InProceedings Catabriga Krylov AMR CIL booktitle CILAMCE
@Comment LocalWords:  sep Estorff von Vibro Gesellschaft und Simedrea
@Comment LocalWords:  Angewandte Mathematik Mechanik GAMM nov Antiga
@Comment LocalWords:  PAMM Berrone posteriori discretizations CSCBC
@Comment LocalWords:  TechReport Knezevic oct Marichalar nggi
@Comment LocalWords:  Talkner microfluidics eprint Dreyer th
@Comment LocalWords:  issn Crookston Ruijter TEXCOMP Biomedical
@Comment LocalWords:  Modelling
