% http://hdl.handle.net/2027.42/120781
@phdthesis{Jokisaari_Thesis,
  author = {Andrea M. Jokisaari},
  school = {University of Michigan},
  title  = {{Multiphysics phase field modeling of hydrogen diffusion and $\delta$-hydride precipitation in $\alpha$-zirconium}},
  note   = {\url{https://tinyurl.com/ydeef5ke}},
  month  = jun,
  year   = 2016
}

% https://etd.ohiolink.edu/!etd.send_file?accession=osu1452240393&disposition=inline
@phdthesis{Yigitoglu_Thesis,
  author = {Askin Guler Yigitoglu},
  school = {The Ohio State University},
  title  = {{A methodology for modeling nuclear power plant passive component aging in probabilistic risk assessment under the impact of operating conditions, surveillance and maintenance activities}},
  note   = {\url{https://tinyurl.com/h9guqzf}},
  month  = may,
  year   = 2016
}

% http://www.byui.edu/Documents/physics/Theses/Jared_TolliverW16.pdf
@mastersthesis{Tolliver_Thesis,
  author = {Jared Tolliver},
  school = {Brigham Young University-Idaho},
  title  = {{Incorporating anisotropic grain boundary energy into a phase field model of uranium dioxide}},
  note   = {\url{https://tinyurl.com/jn2aq8b}},
  month  = apr,
  type   = {{Senior thesis (Bachelor of Science)}},
  year   = 2016
}

% https://www.researchgate.net/profile/Max_Peters3/publication/302026623_On_the_initiation_of_boudinage_and_folding_instabilities_in_layered_elasto-visco-plastic_solids_-_Insights_from_natural_microstructures_and_numerical_simulations/links/572dbbe108ae3736095b0f35.pdf
% http://opac.admin.ch/gw/toc/pdf/toc001849546.pdf
@phdthesis{Peters_Thesis,
  author = {Max Peters},
  school = {Institut f{\"{u}}r Geologie der Universit{\"{a}}t Bern},
  title  = {{On the initiation of boudinage and folding instabilities in layered elasto-visco-plastic solids}},
  note   = {\url{https://baselbern.swissbib.ch/Record/374296987}},
  month  = may,
  year   = 2016
}

% http://hdl.handle.net/10589/118102
@mastersthesis{DAmario_Thesis,
  author = {Alessandro D'Amario},
  school = {Politecnico di Milano},
  title  = {{A reduced-order inverse distance weighting technique for the efficient mesh motion of deformable interfaces and moving shapes in computational problems}},
  note   = {\url{https://tinyurl.com/ycyhrvmh}},
  month  = apr,
  year   = 2016
}

% http://www.byui.edu/Documents/physics/Theses/John-Michael_BradleyF16.pdf
@mastersthesis{Bradley_2016,
  author = {John-Michael H. Bradley},
  school = {Brigham Young University-Idaho},
  title  = {{Foundation for an anisotropic model}},
  note   = {\url{https://tinyurl.com/hlw8w63}},
  month  = dec,
  type   = {{Senior thesis (Bachelor of Science)}},
  year   = 2016
}

% http://amsdottorato.unibo.it/7505/4/menghini_phd_thesis.pdf
@phdthesis{Menghini_thesis,
  author = {Filippo Menghini},
  school = {Universit{\`{a}} di Bologna},
  title  = {{Advanced computational fluid dynamics models for liquid metal flows}},
  note   = {\url{https://doi.org/10.6092/unibo/amsdottorato/7505}},
  month  = apr,
  year   = 2016
}

% http://repository.tudelft.nl/islandora/object/uuid:b5c21532-d84e-49f0-8d18-a181b02e09ac
@mastersthesis{Kessels_thesis,
  author = {Pepijn Carlo Johannes Kessels},
  school = {Delft University of Technology},
  title  = {{Finite element discretization of the Spalmart-Allmaras turbulence model}},
  note   = {\url{https://tinyurl.com/h2hjrho}},
  month  = aug,
  year   = 2016
}

% http://oaktrust.library.tamu.edu/bitstream/handle/1969.1/158026/LABOURE-DISSERTATION-2016.pdf
@phdthesis{Laboure_thesis,
  author = {Vincent Matthieu Labour{\'{e}}},
  school = {Texas A\&M University},
  title  = {{Improved fully-implicit spherical harmonics methods for first and second order forms of the transport equation using Galerkin finite element}},
  note   = {\url{https://tinyurl.com/zscub44}},
  month  = aug,
  year   = 2016
}

% This link may not work at INL...
% email: jrg3[at]email.sc.edu or jonathongardner47[at]gmail.com.
% http://search.proquest.com/openview/6e4c88d1a6069d43cae2c79ed30fbdb0/1?pq-origsite=gscholar&cbl=18750&diss=y
% Proquest Number 10195657
@mastersthesis{Gardner_thesis,
  author = {Jonathon Gardner},
  school = {University of South Carolina},
  title  = {{Modeling radionuclide diffusion using MOOSE, a multiscale, multiphysics platform}},
  month  = dec,
  year   = 2016,
  note   = {\url{https://tinyurl.com/jwyvp5u}}
}

% http://digitalrepository.unm.edu/ne_etds/57
@phdthesis{Talbot_thesis,
  author = {Paul W. Talbot},
  school = {University of New Mexico},
  title  = {{Advanced stochastic collocation methods for polynomial chaos in RAVEN}},
  note   = {\url{https://tinyurl.com/y9xge7a7}},
  month  = dec,
  year   = 2016
}

% https://repositories.lib.utexas.edu/bitstream/handle/2152/45689/MALAYA-DISSERTATION-2016.pdf
@phdthesis{Malaya_thesis,
  author = {Nicholas Penha Malaya},
  school = {Institute for Computational Engineering and Sciences (ICES), The University of Texas at Austin},
  title  = {{Numerical simulation of synthetic, buoyancy-induced columnar vortices}},
  note   = {\url{https://tinyurl.com/zln3tcd}},
  month  = dec,
  year   = 2016
}

% http://www.byui.edu/Documents/physics/Theses/Jarin_FrenchF16.pdf
@mastersthesis{French_2016,
  author = {Jarin French},
  school = {Brigham Young University-Idaho},
  title  = {{Improving the function for grain boundary energy interpolation in uranium dioxide}},
  note   = {\url{https://tinyurl.com/gn5h68c}},
  month  = dec,
  type   = {{Senior thesis (Bachelor of Science)}},
  year   = 2016
}

% Was not able to download the PDF yet to confirm.
% http://docs.lib.purdue.edu/dissertations/AAI10195855/
@phdthesis{Oliver_thesis,
  author = {A. Brandon Oliver},
  school = {Purdue University},
  title  = {{Development of inverse methods for reconstruction of flight environments on ablators}},
  note   = {\url{https://tinyurl.com/msavwqa}},
  month  = dec,
  year   = 2016
}

% http://e-collection.library.ethz.ch/eserv/eth:50762/eth-50762-02.pdf
% https://tinyurl.com/l6svajc
@phdthesis{Munglani_thesis,
  author = {Gautam Munglani},
  school = {ETH-Z{\"{u}}rich},
  title  = {{Computational mechanics of thin shell biological structures}},
  note   = {\url{https://doi.org/10.3929/ethz-a-010875934}},
  month  = dec,
  year   = 2016
}

% https://ntnuopen.ntnu.no/ntnu-xmlui/handle/11250/2441151
@mastersthesis{Amundsen_thesis,
  author = {Morten Amundsen},
  school = {Norwegian University of Science and Technology},
  title  = {{Quasiclassical theory beyond 1D: Supercurrents and topological excitations}},
  note   = {\url{https://tinyurl.com/wqam4e2}},
  month  = may,
  year   = 2016
}

@phdthesis{Toth_thesis,
  author = {Alexander Raymond Toth},
  school = {North Carolina State University},
  title  = {{A theoretical analysis of Anderson acceleration and its application in multiphysics simulation for light-water reactors}},
  note   = {\url{https://repository.lib.ncsu.edu/handle/1840.16/11191}},
  month  = mar,
  year   = 2016
}

% IBAMR
@phdthesis{Chen_thesis,
  author = {Weiwei Chen},
  school = {University of Glasgow},
  title  = {A coupled left ventricle and systemic arteries model},
  note   = {\url{http://theses.gla.ac.uk/7037}},
  month  = jan,
  year   = 2016
}

% IBAMR
@phdthesis{Allan_thesis,
  author = {Andrew James Allan},
  school = {University of Glasgow},
  title  = {Examination of myocardial electrophysiology using novel panoramic optical mapping techniques},
  note   = {\url{http://theses.gla.ac.uk/7352}},
  month  = may,
  year   = 2016
}

% IBAMR
@phdthesis{Qi_thesis,
  author = {Nan Qi},
  school = {University of Glasgow},
  title  = {Modelling of soft tissue and fluid structure interaction with physiological applications},
  note   = {\url{http://theses.gla.ac.uk/7264}},
  month  = apr,
  year   = 2016
}

% IBAMR
@Article{WChen_2016,
  author  = {W. W. Chen and H. Gao and X. Y. Luo and N. A. Hill},
  title   = {Study of cardiovascular function using a coupled left ventricle and systemic circulation model},
  journal = {Journal of Biomechanics},
  month   = aug,
  year    = 2016,
  volume  = 49,
  number  = 12,
  pages   = {2445--2454},
  note    = {\url{https://doi.org/10.1016/j.jbiomech.2016.03.009}}
}

% IBAMR
@Article{Flamini_2016,
  author  = {Vittoria Flamini and Abe DeAnda and Boyce E. Griffith},
  title   = {Immersed boundary-finite element model of fluid-structure interaction in the aortic root},
  journal = {Theoretical and Computational Fluid Dynamics},
  month   = apr,
  year    = 2016,
  volume  = 30,
  number  = {1--2},
  pages   = {139--164},
  note    = {\url{https://doi.org/10.1007/s00162-015-0374-5}}
}

@InProceedings{Gamble_2016c,
  author    = {K. A. Gamble and S. R. Novascone and R. J. Gardner and D. M. Perez and G. Pastore and J. D. Hales},
  title     = {{Verification and validation of the BISON fuel performance code for PCMI applications}},
  booktitle = {{Proceedings of the Pellet-Cladding Interaction (PCI) in Water-Cooled Reactors Workshop}},
  address   = {Lucca, Italy},
  month     = jun # {~22--24,},
  year      = 2016,
  note      = {INL/CON-16-37780, \url{https://www.osti.gov/biblio/1348075}}
}

@TechReport{Williamson_2016d,
  author      = {R. L. Williamson and C. P. Folsom and G. Pastore and S. Veeraraghavan},
  title       = {{Reactivity Insertion Accident (RIA) capability status in the BISON fuel performance code}},
  institution = {Idaho National Laboratory},
  day         = 1,
  month       = may,
  year        = 2016,
  number      = {INL/EXT-16-38861},
  note        = {\url{https://doi.org/10.2172/1369377}}
}

@InProceedings{Stimpson_2016b,
  author    = {Shane G. Stimpson and Jeffrey J. Powers and Kevin T. Clarno and Roger P. Pawlowski and Ryan N. Bratton},
  title     = {{Assessment of pellet-clad interaction indicators in Watts Bar Unit 1 using the VERA framework}},
  booktitle = {{Physics of Reactors (PHYSOR)}},
  address   = {Sun Valley, Idaho},
  publisher = {American Nuclear Society},
  month     = may # {~1--5,},
  year      = 2016,
  note      = {\url{https://www.osti.gov/biblio/1223671}}
}

@TechReport{Stimpson_2016,
  author      = {Shane G. Stimpson},
  title       = {{Standalone BISON Through VERA: User's Manual}},
  institution = {Oak Ridge National Laboratory},
  day         = 3,
  month       = jun,
  year        = 2016,
  number      = {ORNL/TM-2016/204},
  note        = {\url{https://doi.org/10.2172/1342659}}
}

% osti.gov does not seem to know about this Tech Report, so no DOI link.
% https://lwrs.inl.gov/RiskInformed%20Safety%20Margin%20Characterization/INL-EXT-16-38931_Development_of_Three-Field_Poromechanics_Capability_in_MOOSE.pdf
@TechReport{Sivaselvan_2016,
  author      = {M. V. Sivaselvan and N. Oliveto and A. Whittaker},
  title       = {{Development of three-field poromechanics capability in MOOSE}},
  institution = {Idaho National Laboratory},
  month       = apr,
  year        = 2016,
  number      = {INL/EXT-16-38931},
  note        = {\url{https://tinyurl.com/yc2vrwrw}}
}

@InProceedings{HZhao_2016b,
  author    = {Haihua Zhao and Ling Zou and Hongbin Zhang and Richard Martineau},
  title     = {{Implementation and validation of a fully implicit accumulator model in RELAP-7}},
  booktitle = {{Proceedings of the International Topical Meeting on Advances in Thermal Hydraulics (ATH'16)}},
  address   = {New Orleans, Louisiana},
  publisher = {American Nuclear Society},
  month     = jun # {~11--16,},
  year      = 2016,
  note      = {INL/CON-16-37560, \url{https://www.osti.gov/biblio/1348069}}
}

@InProceedings{Cheng_2016,
  author    = {Lap Y. Cheng and Arantxa Cuadra and Michael Todosow and Kyle A. Gamble and Pavel G. Medvedev},
  title     = {{Performance of U$_3$Si$_2$ fuel in a reactivity insertion accident}},
  booktitle = {{Proceedings of Top Fuel 2016}},
  address   = {Boise, Idaho},
  month     = sep # {~11--16,},
  year      = 2016,
  note      = {INL/CON-16-38628, \url{https://www.osti.gov/biblio/1367835}}
}

% https://www.osti.gov/servlets/purl/1363897
@InProceedings{Gleicher_2016,
  author    = {Frederick Gleicher and Javier Ortensi and Mark DeHart and Yaqi Wang and Sebastian Schunert and Stephen Novascone and Jason Hales and Richard Williamson and Andrew Slaughter and Cody Permann and David Andr{\v{s}} and Richard Martineau},
  title     = {{The application of MAMMOTH for a detailed tightly coupled fuel pin simulation with a station blackout}},
  booktitle = {{Proceedings of Top Fuel 2016}},
  address   = {Boise, Idaho},
  month     = sep # {~11--16,},
  year      = 2016,
  note      = {INL/CON-16-37597, \url{https://www.osti.gov/biblio/1363897}}
}

@TechReport{Kerby_2016,
  author      = {Leslie Kerby and Mark DeHart and Aaron Tumulak},
  title       = {{Integration of OpenMC methods into MAMMOTH and Serpent}},
  institution = {Idaho National Laboratory},
  day         = 1,
  month       = sep,
  year        = 2016,
  number      = {INL/EXT-16-39874},
  note        = {\url{https://doi.org/10.2172/1369533}}
}

% https://inldigitallibrary.inl.gov/sites/sti/sti/7146913.pdf
@InProceedings{Prince_2016,
  author    = {Zachary M. Prince and Jean C. Ragusa and Yaqi Wang},
  title     = {{Implementation of the improved quasi-static method in Rattlesnake/MOOSE for time-dependent radiation transport modelling}},
  booktitle = {{Physics of Reactors (PHYSOR)}},
  address   = {Sun Valley, Idaho},
  pages     = {1771--1785},
  publisher = {American Nuclear Society},
  month     = may # {~1--5,},
  year      = 2016,
  note      = {INL/CON-16-37879, \url{https://tinyurl.com/ya2djql8}}
}

@TechReport{Hart_2016,
  author      = {Shane W. D. Hart},
  title       = {{Warthog: Progress on coupling BISON and PROTEUS}},
  institution = {Oak Ridge National Laboratory},
  day         = 1,
  month       = sep,
  year        = 2016,
  number      = {ORNL/TM-2016/579},
  note        = {\url{https://doi.org/10.2172/1335353}}
}

@TechReport{Ortensi_2016c,
  author      = {Javier Ortensi and Benjamin Baker and Sebastian Schunert and Yaqi Wang and Frederick N. Gleicher and Mark D. DeHart},
  title       = {{Updates to the generation of physics data inputs for MAMMOTH simulations of the Transient Reactor Test facility--FY2016}},
  institution = {Idaho National Laboratory},
  day         = 1,
  month       = jun,
  year        = 2016,
  number      = {INL/EXT-16-39120},
  note        = {\url{https://doi.org/10.2172/1369633}}
}

@TechReport{Ortensi_2016b,
  author      = {Javier Ortensi and Yaqi Wang and Sebastian Schunert and Barry D. Ganapol and Frederick N. Gleicher and Benjamin A. Baker and Mark D. DeHart},
  title       = {{Initial testing of the microscopic depletion implementation in the MAMMOTH reactor physics application}},
  institution = {Idaho National Laboratory},
  day         = 1,
  month       = sep,
  year        = 2016,
  number      = {INL/EXT-16-39930},
  note        = {\url{https://doi.org/10.2172/1389198}}
}

@InProceedings{Chen_2016,
  author    = {Hailong Chen and Yile Hu and Benjamin W. Spencer},
  title     = {{A MOOSE-based implicit peridynamic thermomechanical model}},
  booktitle = {{Proceedings of the ASME International Mechanical Engineering Congress and Exposition, Volume 9: Mechanics of Solids, Structures, and Fluids; NDE, Diagnosis, and Prognosis}},
  address   = {Phoenix, Arizona},
  pages     = {V009T12A072 (5 pages)},
  month     = nov # {~11--17,},
  year      = 2016,
  note      = {\url{https://doi.org/10.1115/IMECE2016-65552}}
}

@TechReport{Sweet_2016,
  author      = {Ryan Sweet and Nathan George and Kurt Terrani and Brian Wirth},
  title       = {{BISON fuel performance analysis of FeCrAl cladding with updated properties}},
  institution = {Oak Ridge National Laboratory},
  day         = 30,
  month       = aug,
  year        = 2016,
  number      = {ORNL/TM-2016/475},
  note        = {\url{https://doi.org/10.2172/1328319}}
}

% https://pangea.stanford.edu/ERE/db/GeoConf/papers/SGW/2016/Xia.pdf
% http://toc.proceedings.com/30673webtoc.pdf
@InProceedings{Xia_2016,
  author    = {Yidong Xia and Mitch Plummer and Robert Podgorney and Ahmad Ghassemi},
  title     = {{An assessment of some design constraints on heat production of a 3D conceptual EGS model using an open-source geothermal reservoir simulation code}},
  booktitle = {{Proceedings of the 41st Workshop on Geothermal Reservoir Engineering}},
  address   = {Stanford, California},
  pages     = {1245--1268},
  month     = feb # {~22--24,},
  year      = 2016,
  note      = {SGP-TR-209, INL/CON-15-37064, \url{https://www.osti.gov/biblio/1348060}}
}

@Article{Peters_2016,
  author  = {Max Peters and Marco Herwegh and Martin K. Paesold and Thomas Poulet},
  title   = {{Boudinage and folding as an energy instability in ductile deformation}},
  journal = {Journal of Geophysical Research: Solid Earth},
  month   = may,
  year    = 2016,
  volume  = 121,
  number  = 5,
  pages   = {3996--4013},
  note    = {\url{https://doi.org/10.1002/2016JB012801}}
}

@InProceedings{Hu_2016b,
  author    = {Rui Hu and Tyler Sumner},
  title     = {{Benchmark simulations of the thermal-hydraulic responses during EBR-II inherent safety tests using SAM}},
  booktitle = {{Proceedings of the International Congress on Advances in Nuclear Power Plants (ICAPP)}},
  address   = {San Francisco, California},
  pages     = {123602 (12 pages)},
  month     = apr # {~17--20,},
  year      = 2016,
  note      = {\url{https://www.osti.gov/biblio/1310700}}
}

@Article{Capps_2016,
  author  = {Nathan Capps and Robert Montgomery and Dion Sunderland and Martin Pytel and Brian D. Wirth},
  title   = {{Evaluation of missing pellet surface geometry on cladding stress distribution and magnitude}},
  journal = {Nuclear Engineering and Design},
  month   = aug,
  year    = 2016,
  volume  = 305,
  pages   = {51--63},
  note    = {\url{https://doi.org/10.1016/j.nucengdes.2016.04.039}}
}

% https://www.eccomas2016.org/proceedings/pdf/10847.pdf
@InProceedings{Tzirakis_2016b,
  author    = {Konstantinos Tzirakis and John W. Peterson and Yannis Papaharilaou},
  title     = {{Finite element based numerical simulation of brain tumor}},
  booktitle = {{Proceedings of the European Congress on Computational Methods in Applied Sciences and Engineering (ECCOMAS)}},
  address   = {Crete, Greece},
  pages     = {10847 (1 page)},
  month     = jun # {~5--10,},
  year      = 2016,
  note      = {\url{https://tinyurl.com/ybhmmgb4}}
}

@TechReport{Ahmed_2016,
  author      = {K. Ahmed and M. Tonks and Y. Zhang and B. Biner},
  title       = {{UO$_2$ grain growth: Developing phase field models for pore dragging, solute dragging and anisotropic grain boundary energies}},
  institution = {Idaho National Laboratory},
  day         = 28,
  month       = sep,
  year        = 2016,
  number      = {INL/EXT-16-39965},
  note        = {\url{https://www.osti.gov/scitech/biblio/1360119}}
}

% https://www.osti.gov/scitech/biblio/1364513-nuclear-fuels-materials-spotlight-volume
@InCollection{Hales_2016b,
  author    = {Jason D. Hales and Kyle A. Gamble},
  title     = {{Modeling accident tolerant fuel concepts}},
  pages     = {5--9},
  month     = oct,
  year      = 2016,
  publisher = {Idaho National Laboratory},
  booktitle = {Nuclear Fuels \& Materials Spotlight},
  volume    = 5,
  note      = {Tech.\ Report INL/EXT-16-40163, \url{https://doi.org/10.2172/1364513}}
}

% https://www.osti.gov/scitech/biblio/1364513-nuclear-fuels-materials-spotlight-volume
@InCollection{Spencer_2016b,
  author    = {B. W. Spencer and R. L. Williamson and D. S. Stafford and S. R. Novascone and J. D. Hales and G. Pastore},
  title     = {{3D modeling of missing pellet surface defects in BISON}},
  pages     = {39--43},
  month     = oct,
  year      = 2016,
  publisher = {Idaho National Laboratory},
  booktitle = {Nuclear Fuels \& Materials Spotlight},
  volume    = 5,
  note      = {Tech.\ Report INL/EXT-16-40163, \url{https://doi.org/10.2172/1364513}}
}

% https://www.osti.gov/scitech/biblio/1364513-nuclear-fuels-materials-spotlight-volume
@InCollection{Casagranda_2016,
  author    = {A. Casagranda and B. W. Spencer and G. Pastore and S. R. Novascone and J. D. Hales and R. L. Williamson and R. C. Martineau},
  title     = {{Determination of experimental fuel rod parameters using 3D modeling of PCMI with MPS defects}},
  pages     = {45--52},
  month     = oct,
  year      = 2016,
  publisher = {Idaho National Laboratory},
  booktitle = {Nuclear Fuels \& Materials Spotlight},
  volume    = 5,
  note      = {Tech.\ Report INL/EXT-16-40163, \url{https://doi.org/10.2172/1364513}}
}

% https://www.osti.gov/scitech/biblio/1364513-nuclear-fuels-materials-spotlight-volume
@InCollection{Pastore_2016,
  author    = {G. Pastore and R. L. Williamson and S. R. Novascone and B. W. Spencer and J. D. Hales},
  title     = {{Modeling of fuel rod behavior during LOCA accidents with the BISON code}},
  pages     = {53--58},
  month     = oct,
  year      = 2016,
  publisher = {Idaho National Laboratory},
  booktitle = {Nuclear Fuels \& Materials Spotlight},
  volume    = 5,
  note      = {Tech.\ Report INL/EXT-16-40163, \url{https://doi.org/10.2172/1364513}}
}

% https://www.osti.gov/scitech/biblio/1364513-nuclear-fuels-materials-spotlight-volume
@InCollection{Folsom_2016,
  author    = {Charles Folsom and Richard Williamson and Heng Ban},
  title     = {{LWR reactivity-initiated accident modeling in BISON}},
  pages     = {59--64},
  month     = oct,
  year      = 2016,
  publisher = {Idaho National Laboratory},
  booktitle = {Nuclear Fuels \& Materials Spotlight},
  volume    = 5,
  note      = {Tech.\ Report INL/EXT-16-40163, \url{https://doi.org/10.2172/1364513}}
}

% https://www.osti.gov/scitech/biblio/1364513-nuclear-fuels-materials-spotlight-volume
@InCollection{Williamson_2016c,
  author    = {R. L. Williamson and K. A. Gamble and D. M. Perez and S. R. Novascone and G. Pastore and R. J. Gardner and J. D. Hales},
  title     = {{Validating the BISON fuel performance code to integral LWR experiments}},
  pages     = {65--72},
  month     = oct,
  year      = 2016,
  publisher = {Idaho National Laboratory},
  booktitle = {Nuclear Fuels \& Materials Spotlight},
  volume    = 5,
  note      = {Tech.\ Report INL/EXT-16-40163, \url{https://doi.org/10.2172/1364513}}
}

% https://www.osti.gov/scitech/biblio/1364513-nuclear-fuels-materials-spotlight-volume
@InCollection{Bai_2016b,
  author    = {Xianming Bai and Michael R. Tonks and Yongfeng Zhang and Jason D. Hales},
  title     = {{MARMOT modeling of thermal conductivity of high burnup structure in UO$_2$ fuels}},
  pages     = {73--77},
  month     = oct,
  year      = 2016,
  publisher = {Idaho National Laboratory},
  booktitle = {Nuclear Fuels \& Materials Spotlight},
  volume    = 5,
  note      = {Tech.\ Report INL/EXT-16-40163, \url{https://doi.org/10.2172/1364513}}
}

% https://www.osti.gov/scitech/biblio/1364513-nuclear-fuels-materials-spotlight-volume
@InCollection{Zhang_2016b,
  author    = {Yongfeng Zhang and Daniel Schwen and Bulent Beeler},
  title     = {{Development of phase-field models in MARMOT U-Zr fuel}},
  pages     = {79--83},
  month     = oct,
  year      = 2016,
  publisher = {Idaho National Laboratory},
  booktitle = {Nuclear Fuels \& Materials Spotlight},
  volume    = 5,
  note      = {Tech.\ Report INL/EXT-16-40163, \url{https://doi.org/10.2172/1364513}}
}

% https://www.osti.gov/scitech/biblio/1364513-nuclear-fuels-materials-spotlight-volume
@InCollection{Spencer_2016c,
  author    = {B. W. Spencer and Y. Zhang and P. Chakraborty and D. Schwen and X. Bai and W. Jiang and M. Backman and W. M. Hoffman},
  title     = {{Multiscale modeling of reactor pressure vessel fracture with the Grizzly code}},
  pages     = {85--90},
  month     = oct,
  year      = 2016,
  publisher = {Idaho National Laboratory},
  booktitle = {Nuclear Fuels \& Materials Spotlight},
  volume    = 5,
  note      = {Tech.\ Report INL/EXT-16-40163, \url{https://doi.org/10.2172/1364513}}
}

% https://www.osti.gov/scitech/biblio/1364513-nuclear-fuels-materials-spotlight-volume
@InCollection{Spencer_2016d,
  author    = {B. W. Spencer and W. Jiang},
  title     = {{Extended finite element method modeling of fracture in nuclear materials}},
  pages     = {91--94},
  month     = oct,
  year      = 2016,
  publisher = {Idaho National Laboratory},
  booktitle = {Nuclear Fuels \& Materials Spotlight},
  volume    = 5,
  note      = {Tech.\ Report INL/EXT-16-40163, \url{https://doi.org/10.2172/1364513}}
}

@TechReport{DeHart_2016b,
  author      = {Mark D. DeHart and Zander Mausolff and Zach Weems and Dustin Popp and Kristin Smith and Forrest Shriver and Sedat Goluoglu and Zachary Prince and Jean Ragusa},
  title       = {{Preliminary results for the OECD/NEA time dependent benchmark using Rattlesnake, Rattlesnake-IQS, and TDKENO}},
  institution = {Idaho National Laboratory},
  day         = 1,
  month       = aug,
  year        = 2016,
  number      = {INL/EXT-16-39723},
  note        = {\url{https://doi.org/10.2172/1364489}}
}

@TechReport{Gamble_2016b,
  author      = {K. A. Gamble and J. D. Hales},
  title       = {{Sensitivity analysis of FeCrAl cladding and U$_3$Si$_2$ fuel under accident conditions}},
  institution = {Idaho National Laboratory},
  day         = 1,
  month       = aug,
  year        = 2016,
  number      = {INL/EXT-16-39663},
  note        = {\url{https://doi.org/10.2172/1364485}}
}

@TechReport{Permann_2016b,
  author      = {Cody Permann and Andrew Slaughter and John Peterson and David Andr{\v{s}} and Fande Kong and Derek Gaston and Richard Martineau},
  title       = {{NEAMS-IPL MOOSE framework activities}},
  institution = {Idaho National Laboratory},
  day         = 1,
  month       = sep,
  year        = 2016,
  number      = {INL/EXT-16-40114},
  note        = {\url{https://doi.org/10.2172/1364511}}
}

@TechReport{Gamble_2016,
  author      = {K. A. Gamble and J. D. Hales and G. Pastore and T. Barani and D. Pizzocri},
  title       = {{Behavior of U$_3$Si$_2$ fuel and FeCrAl cladding under normal operating and accident reactor conditions}},
  institution = {Idaho National Laboratory},
  day         = 1,
  month       = sep,
  year        = 2016,
  number      = {INL/EXT-16-40059},
  note        = {\url{https://doi.org/10.2172/1364507}}
}

@TechReport{Zhang_2016,
  author      = {Yongfeng Zhang and Daniel Schwen and Pritam Chakraborty and Chao Jiang and Larry Aagesen and Karim Ahmed and Wen Jiang and Bulent Biner and Xianming Bai and Michael Tonks and Paul Millett},
  title       = {{MARMOT update for oxide fuel modeling}},
  institution = {Idaho National Laboratory},
  day         = 1,
  month       = sep,
  year        = 2016,
  number      = {INL/EXT-16-40039},
  note        = {\url{https://doi.org/10.2172/1364504}}
}

@TechReport{Baker_2016,
  author      = {Benjamin A. Baker and Javier Ortensi and Mark D. DeHart and Yaqi Wang and Sebastian Schunert and Frederick N. Gleicher},
  title       = {{Analysis methods and validation activities for MAMMOTH Using M8 calibration series data}},
  institution = {Idaho National Laboratory},
  day         = 1,
  month       = sep,
  year        = 2016,
  number      = {INL/EXT-16-40023},
  note        = {\url{https://doi.org/10.2172/1364502}}
}

@TechReport{DeHart_2016,
  author      = {Mark DeHart and Benjamin Baker and Javier Ortensi and Nicolas Woolstenhulme and John Bess and Colby Jensen and James Parry and Tony Hill and William Phoenix},
  title       = {Inter-disciplinary collaboration in support of post-standby {TREAT} mission},
  institution = {Idaho National Laboratory},
  day         = 1,
  month       = sep,
  year        = 2016,
  number      = {INL/EXT-16-40100},
  note        = {\url{https://doi.org/10.2172/1364510}}
}

@TechReport{Medvedev_2016,
  author      = {Pavel G. Medvedev},
  title       = {{BISON investigation of the effect of the fuel-cladding contact irregularities on the peak cladding temperature and FCCI observed in AFC-3A rodlet 4}},
  institution = {Idaho National Laboratory},
  day         = 1,
  month       = sep,
  year        = 2016,
  number      = {INL/EXT-16-40027},
  note        = {\url{https://doi.org/10.2172/1364503}}
}

@TechReport{Mandelli_2016,
  author      = {Diego Mandelli and Daniel P. Maljovec and Andrea Alfonsi and Carlo Parisi and Paul W. Talbot and Claudia Picoco and Joshua Cogliati and Curtis Smith and Cristian Rabiti},
  title       = {{Data analysis approaches for the Risk-Informed Safety Margins Characterization toolkit}},
  institution = {Idaho National Laboratory},
  day         = 1,
  month       = sep,
  year        = 2016,
  number      = {INL/EXT-16-39851},
  note        = {\url{https://doi.org/10.2172/1364493}}
}

% http://www.iapsam.org/PSAM13/program/Abstract/Oral/A-250.pdf
@InProceedings{Jankovsky_2016,
  author    = {Z. Jankovsky and R. Denning and T. Aldemir and H. Sezen and J. Hur},
  title     = {{Application of dynamic probabilistic risk assessment to a seismically-induced internal flood event}},
  booktitle = {{Proceedings of the 13th International Conference on Probabilistic Safety Assessment and Management (PSAM 13)}},
  address   = {Seoul, Korea},
  month     = oct # {~2--7,},
  year      = 2016,
  note      = {\url{https://tinyurl.com/ya3f93l2}}
}

% https://pdfs.semanticscholar.org/d65a/d6b24e546d85f2a26ab14ffd3a698c64e117.pdf
@Misc{Hoshyari_2016,
  author       = {Shayan Hoshyari},
  title        = {{Generation of boundary conforming three-dimensional anisotropic meshes}},
  month        = apr,
  year         = 2016,
  howpublished = {Report},
  note         = {\url{https://tinyurl.com/rt42jja}}
}

@InProceedings{RegenauerLieb_2016,
  author    = {Klaus Regenauer-Lieb and Thomas Poulet and Manolis Veveakis},
  title     = {{Next generation resource discovery linking geophysical sensing, modelling and interpretation}},
  booktitle = {{Proceedings of the 25th Geophysical Conference \& Exhibition (AESG-PESA-AIG)}},
  address   = {Adelaide, Australia},
  pages     = {1--5},
  month     = aug # {~21--24,},
  year      = 2016,
  note      = {\url{https://doi.org/10.1071/ASEG2016ab101}}
}

@Article{Favino_2016b,
  author  = {Marco Favino and Sonia Pozzi and Simone Pezzuto and Frits W. Prinzen and Angelo Auricchio and Rolf Krause},
  title   = {{Impact of mechanical deformation on pseudo-ECG: A simulation study}},
  journal = {Europace},
  month   = dec,
  year    = 2016,
  volume  = 18,
  number  = {suppl\_4},
  pages   = {iv77--iv84},
  note    = {\url{http://doi.org/10.1093/europace/euw353}, Special issue for the 8th TRM Forum on Computer Simulation and Experimental Assessment of Cardiac Function: Towards Integration of Cardiac Functions, 6--8 December, 2015}
}


@Article{Bauman_2016,
  author  = {Paul T. Bauman and Roy H. Stogner},
  title   = {{GRINS: A multiphysics framework based on the libMesh finite element library}},
  journal = {SIAM Journal on Scientific Computing},
  year    = 2016,
  volume  = 38,
  number  = 5,
  pages   = {S78--S100},
  note    = {Special section on two themes: CSE Software and Big Data in CSE, \url{https://doi.org/10.1137/15M1026110}, ArXiv e-print: \url{http://arxiv.org/abs/1506.06102}}
}

@Article{Lima_2016,
  author  = {E. A. B. F. Lima and J. T. Oden and D. A. {Hormuth II} and T. E. Yankeelov and R. C. Almeida},
  title   = {Selection, calibration, and validation of models of tumor growth},
  journal = {Mathematical Models and Methods in Applied Sciences},
  month   = nov,
  year    = 2016,
  volume  = 26,
  number  = 12,
  pages   = {2341--2368},
  note    = {\url{https://doi.org/10.1142/S021820251650055X}}
}

@Misc{Peterson_2016,
  author       = {John W. Peterson and Roy H. Stogner},
  title        = {{A {$C^1$}-continuous finite element formulation for solving the {Jeffery--Hamel} boundary value problem}},
  month        = dec,
  year         = 2016,
  howpublished = {ArXiv e-print},
  note         = {\url{http://arxiv.org/abs/1612.06312}}
}

@Article{Klitzke_2016,
  author  = {Peter Klitzke and Manja Luzi-Helbing and Judith M. Schicks and Mauro Cacace and Antoine B. Jacquey and Judith Sippel and Magdalena Scheck-Wenderoth and Jan Inge Faleide},
  title   = {{Gas hydrate stability zone of the Barents Sea and Kara Sea region}},
  journal = {Energy Procedia},
  month   = nov,
  year    = 2016,
  volume  = 97,
  pages   = {302--309},
  note    = {\url{https://doi.org/10.1016/j.egypro.2016.10.005}}
}

@Article{Ma_2016,
  author  = {Haoran Ma and Anil Kunwar and Bingfeng Guo and Junhao Sun and Chengrong Jiang and Yungpeng Wang and Xueguan Song and Ning Zhao and Haitao Ma},
  title   = {{Effect of cooling condition and Ag on the growth of intermetallic compounds in Sn-based solder joints}},
  journal = {Applied Physics A},
  month   = dec,
  year    = 2016,
  volume  = 122,
  number  = 12,
  pages   = {1052 (10 pages)},
  note    = {\url{https://doi.org/10.1007/s00339-016-0543-4}}
}

@TechReport{Lefebvre_2016,
  author      = {Robert A. Lefebvre and Brandon R. Langley and Adam B. Thompson},
  title       = {{Report on NEAMS Workbench support for MOOSE applications}},
  institution = {Oak Ridge National Laboratory},
  month       = sep,
  year        = 2016,
  number      = {ORNL/TM--2016/572},
  note        = {\url{https://doi.org/10.2172/1328333}}
}

@Article{Chockalingam_2016,
  author  = {K. Chockalingam and V. G. Kouznetsova and O. {van der Sluis} and M. G. D. Geers},
  title   = {{2D phase field modeling of sintering of silver nanoparticles}},
  journal = {Computer Methods in Applied Mechanics and Engineering},
  volume  = 312,
  month   = dec,
  year    = 2016,
  pages   = {492--508},
  note    = {\url{https://doi.org/10.1016/j.cma.2016.07.002}}
}

% https://hal-lirmm.ccsd.cnrs.fr/lirmm-01400532
@Misc{Silva_2016,
  author       = {Vitor Silva and Jos{\'{e}} Camata and Daniel {de Olivera} and Alvaro Coutinho and Patrick Valduriez and Marta Mattoso},
  title        = {\emph{In situ} data steering on sedimentation simulation with provenance data},
  month        = nov,
  year         = 2016,
  howpublished = {Poster, International Conference for High Performance Computing, Networking, Storage and Analysis (SC16)},
  note         = {\url{https://tinyurl.com/yao8lf6b}}
}

@Article{Aral_2016,
  author  = {Mustafa M. Aral and Kijin Nam},
  title   = {Optimal monitoring network design for wind-driven and tidal estuaries},
  journal = {Journal of Environmental Engineering},
  volume  = 142,
  number  = 12,
  month   = dec,
  year    = 2016,
  pages   = {D4015002},
  note    = {\url{https://doi.org/10.1061/(ASCE)EE.1943-7870.0001051}}
}

% https://lwrs.inl.gov/RiskInformed%20Safety%20Margin%20Characterization/RELAP-7_Software_Verification_and_Validation_Plan.pdf
@TechReport{Yoo_2016,
  author      = {Junsoo Yoo and Yong-Joon Choi and Curtis L. Smith},
  title       = {{RELAP-7 software verification and validation plan, Requirements Traceability Matrix (RTM) Part 2: Code assessment strategy, procedure, and RTM update}},
  institution = {Idaho National Laboratory},
  month       = sep,
  year        = 2016,
  number      = {INL/EXT-16-40015},
  note        = {\url{https://tinyurl.com/hs29f2z}}
}

@Article{Oden_2016,
  author  = {J. Tinsley Oden and Ernesto A. B. F. Lima and Regina C. Almeida and Yusheng Feng and Marissa Nichole Rylander and David Fuentes and Danial Faghihi and Mohammad M. Rahman and Matthew DeWitt and Manasa Gadde and J. Cliff Zhou},
  title   = {Toward predictive multiscale modeling of vascular tumor growth},
  journal = {Archives of Computational Methods in Engineering},
  month   = dec,
  year    = 2016,
  volume  = 23,
  number  = 4,
  pages   = {735--779},
  note    = {\url{https://doi.org/10.1007/s11831-015-9156-x}}
}

% https://www.researchgate.net/profile/Ronald_Boring/publication/308880697_HUMAN_UNIMODEL_FOR_NUCLEAR_TECHNOLOGY_TO_ENHANCE_RELIABILITY_HUNTER_A_FRAMEWORK_FOR_COMPUTATIONAL-BASED_HUMAN_RELIABILITY_ANALYSIS/links/57f41abf08ae8da3ce538221.pdf
% psam13.org
@InProceedings{Boring_2016,
  author    = {Ronald Boring and Diego Mandelli and Martin Rasmussen and Sarah Herberger and Thomas Ulrich and Katrina Groth and Curtis Smith},
  title     = {{Human Unimodel for Nuclear Technology to Enhance Reliability (HUNTER): A framework for computational-based human reliability analysis}},
  booktitle = {{Proceedings of the 13th International Conference on Probabilistic Safety Assessment and Management (PSAM 13)}},
  address   = {Seoul, South Korea},
  month     = oct # {~2--7,},
  year      = 2016,
  note      = {\url{https://tinyurl.com/h9rqety}}
}

% https://www.researchgate.net/publication/272679629_Optimal_local_approximation_spaces_for_component-based_static_condensation_procedures
@Article{Smetana_2016,
  author  = {Kathrin Smetana and Anthony T. Patera},
  title   = {Optimal local approximation spaces for component-based static condensation procedures},
  journal = {SIAM Journal on Scientific Computing},
  volume  = 38,
  issue   = 5,
  year    = 2016,
  pages   = {A3318--A3356},
  note    = {\url{https://doi.org/10.1137/15M1009603}}
}

@Article{Ballarin_2016,
  author  = {Francesco Ballarin and Gianluigi Rozza},
  title   = {{POD-Galerkin monolithic reduced order models for parametrized fluid-structure interaction problems}},
  journal = {International Journal for Numerical Methods in Fluids},
  month   = may,
  year    = 2016,
  pages   = {4252 (25 pages)},
  note    = {Virtual Special Issue Paper on Model Reduction and Inverse Problems and Data Assimilation with Geophysical Applications, \url{https://doi.org/10.1002/fld.4252}}
}

@Article{Berger_2016,
  author  = {Lorenz Berger and Rafal Bordas and Kelly Burrowes and Vicente Grau and Simon Tavener and David Kay},
  title   = {A poroelastic model coupled to a fluid network with applications in lung modelling},
  journal = {International Journal for Numerical Methods in Biomedical Engineering},
  month   = jan,
  year    = 2016,
  volume  = 32,
  number  = 1,
  pages   = {e02731 (17 pages)},
  note    = {\url{https://doi.org/10.1002/cnm.2731}, ArXiv e-print: \url{http://arxiv.org/abs/1411.1491}}
}

% https://www.researchgate.net/profile/Alain_Giorla/publication/309033762_Simulation_of_Concrete_Members_Affected_by_Alkali-Silica_Reaction_with_Grizzly/links/57fe80aa08ae6b2da3c89397.pdf
@TechReport{Giorla_2016b,
  author      = {Alain B. Giorla},
  title       = {{Simulation of concrete members affected by alkali-silica reaction with Grizzly}},
  institution = {Oak Ridge National Laboratory},
  month       = sep,
  year        = 2016,
  number      = {ORNL/TM--2016/523},
  note        = {\url{https://tinyurl.com/jfcylda}}
}

% https://pdfs.semanticscholar.org/9399/997c3bea8da067f310c1d61fea0018f9d2e9.pdf
@TechReport{Ballarin_2016c,
  author      = {Francesco Ballarin and Elena Faggiano and Andrea Manzoni and Gianluigi Rozza and Alfio Quarteroni and Sonia Ippolito and Carlo Antona and Roberto Scrofani},
  title       = {A fast virtual surgery platform for many scenarios haemodynamics of patient-specific coronary artery bypass grafts},
  institution = {Scuola Internazionale Superiore di Studi Avanzati (SISSA)},
  day         = 15,
  month       = oct,
  year        = 2016,
  number      = {1963/35240},
  note        = {\url{}}
}

@Article{Williamson_2016b,
  author  = {R. L. Williamson and N. A. Capps and W. Liu and Y. R. Rashid and B. D. Wirth},
  title   = {{Multi-dimensional simulation of LWR fuel behavior in the BISON fuel performance code}},
  journal = {JOM},
  month   = nov,
  volume  = 68,
  number  = 11,
  pages   = {2930--2937},
  year    = 2016,
  note    = {\url{https://doi.org/10.1007/s11837-016-2115-7}}
}

@InProceedings{Kunwar_2016c,
  author    = {Anil Kunwar and Haoran Ma and Meng Qi and Junhao Sun and Lin Qu and Bingfeng Guo and Ning Zhao and Yunpeng Wang and Haitao Ma},
  title     = {{Positive feedback on imposed thermal gradient by interfacial bubbles in Cu/liquid Sn-3.5Ag/Cu joints}},
  booktitle = {{17th International Conference on Electronic Packaging Technology (ICEPT)}},
  address   = {Harbin, China},
  pages     = {608--611},
  publisher = {IEEE},
  month     = aug,
  year      = 2016,
  note      = {\url{https://doi.org/10.1109/ICEPT.2016.7583207}}
}

@Article{Turner_2016,
  author  = {John A. Turner and Kevin Clarno and Matt Sieger and Roscoe Bartlett and Benjamin Collins and Roger Pawlowski and Rodney Schmidt and Randall Summers},
  title   = {{The virtual environment for reactor applications (VERA): Design and architecture}},
  journal = {Journal of Computational Physics},
  volume  = 326,
  month   = dec,
  pages   = {544--568},
  year    = 2016,
  note    = {\url{https://doi.org/10.1016/j.jcp.2016.09.003}}
}


@Article{Wijeratne_2016,
  author  = {Peter A. Wijeratne and Vasileios Vavourakis and John H. Hipwell and Chrysovalantis Voutouri and Panagiotis Papageorgis and Triantafyllos Stylianopoulos and Andrew Evans and David J. Hawkes},
  title   = {{Multiscale modelling of solid tumour growth: The effect of collagen micromechanics}},
  journal = {Biomechanics and Modeling in Mechanobiology},
  volume  = 15,
  number  = 5,
  month   = oct,
  year    = 2016,
  pages   = {1079--1090},
  note    = {\url{https://doi.org/10.1007/s10237-015-0745-2}}
}

@Article{Hu_2016,
  author  = {Rui Hu and Yiqi Yu},
  title   = {A computationally efficient method for full-core conjugate heat transfer modeling of sodium fast reactors},
  journal = {Nuclear Engineering and Design},
  month   = nov,
  year    = 2016,
  volume  = 308,
  pages   = {182--193},
  note    = {\url{https://doi.org/10.1016/j.nucengdes.2016.08.018}}
}

% http://www.osti.gov/scitech/biblio/1313939
@TechReport{Kadioglu_2016,
  author      = {Samet Y. Kadioglu and Ray Berry and Richard Martineau},
  title       = {A well-posed two phase flow model and its numerical solutions for reactor thermal-fluids analysis},
  institution = {Idaho National Laboratory},
  day         = 1,
  month       = aug,
  year        = 2016,
  number      = {INL/EXT-16-39603},
  note        = {\url{https://doi.org/10.2172/1313939}}
}

@Article{Balajewicz_2016,
  author  = {Maciej Balajewicz and Irina Tezaur and Earl Dowell},
  title   = {{Minimal subspace rotation on the Stiefel manifold for stabilization and enhancement of projection-based reduced order models for the compressible Navier--Stokes equations}},
  journal = {Journal of Computational Physics},
  month   = sep,
  year    = 2016,
  volume  = 321,
  pages   = {224--241},
  note    = {\url{https://doi.org/10.1016/j.jcp.2016.05.037}, ArXiv e-print: \url{http://arxiv.org/abs/1504.06661}}
}

% http://www.osti.gov/scitech/biblio/1291258
@TechReport{Andersson_2016,
  author      = {Anders David Andersson and Romain Thibault Perriot and Giovanni Pastore and Michael R. Tonks and Michael William Cooper and Xiang-Yang Liu and Anuj Goyal and Blas P. Uberuaga and Christopher R. Stanek},
  title       = {{Report on simulation of fission gas and fission product diffusion in UO$_2$}},
  institution = {Los Alamos National Laboratory},
  day         = 22,
  month       = jul,
  year        = 2016,
  number      = {LA-UR--15-28086},
  note        = {\url{https://doi.org/10.2172/1291258}}
}

@Article{DGuillen_2016,
  author  = {Donna Post Guillen and William H. Harris},
  title   = {Measurement and simulation of thermal conductivity of hafnium-aluminum thermal neutron absorber material},
  journal = {Metallurgical and Materials Transactions E},
  month   = sep,
  year    = 2016,
  volume  = 3,
  number  = 3,
  pages   = {123--133},
  note    = {\url{https://doi.org/10.1007/s40553-016-0076-y}}
}

% https://www.eccomas2016.org/proceedings/pdf/8788.pdf
@InProceedings{Stasch_2016,
  author    = {Jessica Stasch and Bircan Avci and Peter Wriggers},
  title     = {{Numerical simulation of fluid-structure interaction problems by a coupled SPH-FEM approach}},
  booktitle = {{Proceedings of the European Congress on Computational Methods in Applied Sciences and Engineering (ECCOMAS)}},
  address   = {Crete, Greece},
  pages     = {8788 (1 page)},
  month     = jun # {~5--10,},
  year      = 2016,
  note      = {\url{https://tinyurl.com/z3jk2pw}}
}

% https://lwrs.inl.gov/RiskInformed%20Safety%20Margin%20Characterization/INL-EXT-16-38185_RELAP_Pressurizer_Component_Development_Updates.pdf
@TechReport{HZhao_2016,
  author      = {Haihua Zhao and Hongbin Zhang and Ling Zou and Richard Martineau and Michael Holten and Qiao Wu},
  title       = {{RELAP-7 pressurizer component development updates}},
  institution = {Idaho National Laboratory},
  month       = mar,
  year        = 2016,
  number      = {INL/EXT-16-38185},
  note        = {\url{https://tinyurl.com/z5ht4t5}}
}

@Article{Perdigou_2016,
  author  = {C. Perdigou and B. Audoly},
  title   = {The viscous curtain: general formulation and finite-element solution for the stability of flowing viscous sheets},
  journal = {Journal of the Mechanics and Physics of Solids},
  volume  = 96,
  month   = nov,
  year    = 2016,
  pages   = {291--311},
  note    = {\url{https://doi.org/10.1016/j.jmps.2016.07.015}}
}

@InProceedings{Laboure_2016b,
  author    = {Vincent M. Labour{\'{e}} and Yaqi Wang and Mark D. DeHart},
  title     = {Least-squares {$P_N$} formulation of the transport equation using self-adjoint angular-flux consistent boundary conditions},
  booktitle = {{Physics of Reactors (PHYSOR)}},
  address   = {Sun Valley, Idaho},
  publisher = {American Nuclear Society},
  month     = may # {~1--5,},
  year      = 2016,
  note      = {Tech.\ Report INL/CON-16-37888, \url{https://www.osti.gov/scitech/biblio/1349201}}
}

% https://www.researchgate.net/profile/Anthony_Alberti/publication/303894668_Steady_State_Modeling_Of_The_Minimum_Critical_Core_Of_The_Trasient_Reactor_Test_Facilitiy/links/575ae8cb08aec91374a61de9.pdf
@InProceedings{Alberti_2016,
  author    = {Anthony L. Alberti and Todd S. Palmer and Javier Ortensi and Mark D. DeHart},
  title     = {Steady state modeling of the minimum critical core of the trasient reactor test facility},
  booktitle = {{Physics of Reactors (PHYSOR)}},
  address   = {Sun Valley, Idaho},
  publisher = {American Nuclear Society},
  month     = may # {~1--5,},
  year      = 2016,
  note      = {\url{https://tinyurl.com/jv5zycl}}
}

% https://www.researchgate.net/profile/Alain_Hebert/publication/303811216_Preparation_of_a_Neutron_Transport_Data_Set_for_Simulations_of_the_Transient_Test_Reactor_Facility/links/575484ec08ae02ac12811464.pdf
@InProceedings{Ortensi_2016,
  author    = {Javier Ortensi and Yaqi Wang and Benjamin A. Baker and Sebastian Schunert and Frederick N. Gleicher and Mark D. DeHart and Alexandre Laurier and Alain H{\'{e}}bert},
  title     = {Preparation of a neutron transport data set for simulations of the transient test reactor facility},
  booktitle = {{Physics of Reactors (PHYSOR)}},
  address   = {Sun Valley, Idaho},
  pages     = {1786--1800},
  publisher = {American Nuclear Society},
  month     = may # {~1--5,},
  year      = 2016,
  note      = {\url{https://tinyurl.com/hdfzu86}}
}

@Article{Spencer_2016,
  author  = {B. W. Spencer and R. L. Williamson and D. S. Stafford and S. R. Novascone and J. D. Hales and G. Pastore},
  title   = {{3D modeling of missing pellet surface defects in BWR fuel}},
  journal = {Nuclear Engineering and Design},
  month   = oct,
  year    = 2016,
  volume  = 307,
  pages   = {155--171},
  note    = {\url{https://doi.org/10.1016/j.nucengdes.2016.07.008}}
}

@Article{Chakraborty_2016b,
  author  = {Pritam Chakraborty and S. Bulent Biner},
  title   = {Crystal plasticity modeling of irradiation effects on flow stress in pure-iron and iron-copper alloys},
  journal = {Mechanics of Materials},
  month   = oct,
  year    = 2016,
  volume  = 101,
  pages   = {71--80},
  note    = {\url{https://doi.org/10.1016/j.mechmat.2016.07.013}}
}

% Also appeared as Tech.\ Report SISSA:1963/34623
% http://urania.sissa.it/xmlui/handle/1963/34623
@Article{Ballarin_2016b,
  author  = {Francesco Ballarin and Elena Faggiano and Sonia Ippolito and Andrea Manzoni and Alfio Quarteroni and Gianluigi Rozza and Roberto Scrofani},
  title   = {{Fast simulations of patient-specific haemodynamics of coronary artery bypass grafts based on a POD-Galerkin method and a vascular shape parametrization}},
  journal = {Journal of Computational Physics},
  month   = jun,
  year    = 2016,
  volume  = 315,
  pages   = {609--628},
  note    = {\url{https://doi.org/10.1016/j.jcp.2016.03.065}}
}

% http://neams.rpi.edu/jiw2/papers/PHYSOR16%20Coupling.pdf
@InProceedings{Senecal_2016,
  author    = {Jaron P. Senecal and Wei Ji},
  title     = {A modified tightly coupled method for reactor transient simulations},
  booktitle = {{Physics of Reactors (PHYSOR)}},
  address   = {Sun Valley, Idaho},
  pages     = {1690--1699},
  publisher = {American Nuclear Society},
  month     = may # {~1--5,},
  year      = 2016,
  note      = {\url{https://tinyurl.com/zzf5lfn}}
}

% https://www.researchgate.net/publication/303287913
@InProceedings{Borello_2016,
  author    = {Domenico Borello and Lucio Cardillo and Alessandro Corsini and Giovanni Delibra and Franco Rispoli and Alessandro Salvagni and A. G. Sheard and Paolo Venturini},
  title     = {Modelling of particle transport, erosion and deposition in power plant gas paths},
  booktitle = {{Proceedings of the ASME Turbo Expo (GT2016)}},
  address   = {Seoul, South Korea},
  pages     = {GT2016-57984 (11 pages)},
  month     = jun # {~13--17,},
  year      = 2016,
  note      = {\url{https://tinyurl.com/zo37ket}}
}

% Also appeared as Tech.\ Report SISSA:1963/34963
% http://urania.sissa.it/xmlui/handle/1963/34963
@Article{Sartori_2016,
  author  = {Alberto Sartori and Antonio Cammi and Lelio Luzzi and Gianluigi Rozza},
  title   = {Reduced basis approaches in time-dependent non-coercive settings for modelling the movement of nuclear reactor control rods},
  journal = {Communications in Computational Physics},
  month   = jul,
  year    = 2016,
  volume  = 20,
  number  = 1,
  pages   = {23--59},
  note    = {\url{https://doi.org/10.4208/cicp.120914.021115a}}
}

% http://ntrs.nasa.gov/archive/nasa/casi.ntrs.nasa.gov/20160005889.pdf
@InProceedings{Amar_2016,
  author    = {Adam J. Amar and A. Brandon Oliver and Benjamin S. Kirk and Giovanni Salazar and Justin Droba},
  title     = {{Overview of the CHarring Ablator Response (CHAR) code}},
  booktitle = {{46th AIAA Thermophysics Conference}},
  address   = {Washington, DC},
  month     = jun # {~13--17,},
  year      = 2016,
  note      = {\url{https://doi.org/10.2514/6.2016-3385}}
}

% http://ntrs.nasa.gov/archive/nasa/casi.ntrs.nasa.gov/20160006077.pdf
@InProceedings{Droba_2016,
  author    = {Justin Droba},
  title     = {Tangle-free finite element mesh motion for ablation problems},
  booktitle = {{46th AIAA Thermophysics Conference}},
  address   = {Washington, DC},
  month     = jun # {~13--17,},
  year      = 2016,
  note      = {\url{https://doi.org/10.2514/6.2016-3386}}
}

% http://ntrs.nasa.gov/archive/nasa/casi.ntrs.nasa.gov/20160005651.pdf
@InProceedings{Oliver_2016,
  author    = {Brandon Oliver and Adam J. Amar},
  title     = {{Inverse heat conduction methods in the CHAR code for aerothermal flight data reconstruction}},
  booktitle = {{46th AIAA Thermophysics Conference}},
  address   = {Washington, DC},
  month     = jun # {~13--17,},
  year      = 2016,
  note      = {\url{https://doi.org/10.2514/6.2016-3384}}
}

@Article{Udupa_2016,
  author  = {Anirudh Udupa and Subramanya Sadasiva and Ganesh Subbarayan},
  title   = {{A framework for studying dynamics and stability of diffusive--reactive interfaces with application to Cu$_6$Sn$_5$ intermetallic compound growth}},
  journal = {Proceedings of the Royal Society of London A: Mathematical, Physical and Engineering Sciences},
  month   = jun,
  year    = 2016,
  volume  = 472,
  number  = 2190,
  pages   = {20160134 (20 pages)},
  note    = {\url{https://doi.org/10.1098/rspa.2016.0134}}
}

@InProceedings{Eiben_2016,
  author    = {Bj{\"{o}}rn Eiben and Rene Lacher and Vasileios Vavourakis and John H. Hipwell and Danail Stoyanov and Norman R. Williams and J{\"{o}}rg Sabczynski and others},
  title     = {{Breast conserving surgery outcome prediction: A patient-specific, integrated multi-modal imaging and mechano-biological modelling framework}},
  booktitle = {{Proceedings of the 13th International Workshop on Breast Imaging (IWDM)}},
  address   = {Malm{\"{o}}, Sweden},
  month     = jun # {~19--22,},
  year      = 2016,
  pages     = {274--281},
  publisher = {Springer International Publishing},
  note      = {\url{https://doi.org/10.1007/978-3-319-41546-8_35}}
}

@Article{Biswas_2016,
  author  = {Sudipta Biswas and Daniel Schwen and Jogender Singh and Vikas Tomar},
  title   = {A study of the evolution of microstructure and consolidation kinetics during sintering using a phase field modeling based approach},
  journal = {Extreme Mechanics Letters},
  volume  = 7,
  month   = jun,
  year    = 2016,
  pages   = {78--89},
  note    = {\url{https://doi.org/10.1016/j.eml.2016.02.017}}
}

@Article{Kunwar_2016b,
  author  = {Anil Kunwar and Haoran Ma and Haitao Ma and Bingfeng Guo and Zhixian Meng and Ning Zhao and Mingliang Huang},
  title   = {{On the thickness of Cu$_6$Sn$_5$ compound at the anode of Cu/liquid Sn/Cu joints undergoing electromigration}},
  journal = {Journal of Materials Science: Materials in Electronics},
  month   = jul,
  volume  = 27,
  number  = 7,
  year    = 2016,
  pages   = {7699--7706},
  note    = {\url{https://doi.org/10.1007/s10854-016-4756-2}}
}

% https://upcommons.upc.edu/bitstream/handle/2117/87760/Fostering%20Collaboration%20in%20Energy%20Research%20and%20Technological%20Developments.pdf
@InProceedings{Cela_2016,
  author    = {Jos{\'{e}} Maria Cela and Alvaro L. G. A. Coutinho and Philippe O. A. Navaux and Rafael Mayo-Garc{\'{i}}a},
  title     = {{Fostering collaboration in energy research and technological developments applying new exascale HPC techniques}},
  booktitle = {{Proceedings of the 16th IEEE/ACM International Symposium on Cluster, Cloud, and Grid Computing (CCGrid)}},
  address   = {Cartagena, Colombia},
  month     = may # {~16--19,},
  year      = 2016,
  note      = {\url{https://tinyurl.com/yc2czytl}}
}

@InProceedings{Giorla_2016,
  author    = {Alain Giorla and Yann {Le Pape} and Hai Huang},
  title     = {Meso-scale modeling of irradiation in pressurized water reactor concrete biological shields},
  booktitle = {{Proceedings of the 9th International Conference on Fracture Mechanics of Concrete and Concrete Structures (FraMCoS-9)}},
  address   = {Berkeley, California},
  editor    = {V. Saouma and J. Bolander and E. Landis},
  month     = may # {~30--} # jun # {~1,},
  year      = 2016,
  note      = {Paper 238, \url{https://doi.org/10.21012/FC9.238}}
}

@InProceedings{Huang_2016,
  author    = {Hai Huang and Benjamin W. Spencer},
  title     = {Grizzly model of fully coupled heat transfer, moisture diffusion, alkali-silica reaction and fracturing processes in concrete},
  booktitle = {{Proceedings of the 9th International Conference on Fracture Mechanics of Concrete and Concrete Structures (FraMCoS-9)}},
  address   = {Berkeley, California},
  editor    = {V. Saouma and J. Bolander and E. Landis},
  month     = may # {~30--} # jun # {~1,},
  year      = 2016,
  note      = {Paper 194, \url{https://doi.org/10.21012/FC9.194}}
}

@Article{Jiang_2016,
  author  = {Xikai Jiang and Jiyuan Li and Xujun Zhao and Jian Qin and Dmitry Karpeev and Juan Hern{\'{a}}ndez-Ortiz and Juan J. {de Pablo} and Olle Heinonen},
  title   = {{An $O(N)$ and parallel approach to integral problems by a kernel-independent fast multipole method: Application to polarization and magnetization of interacting particles}},
  journal = {The Journal of Chemical Physics},
  volume  = 145,
  year    = 2016,
  pages   = {064307 (12 pages)},
  note    = {\url{https://doi.org/10.1063/1.4960436}, ArXiv e-print: \url{http://arxiv.org/abs/1605.01715}}
}

@TechReport{Stimpson_2016c,
  author      = {Shane Stimpson and Kevin Clarno and Jeffrey Powers and Roger Pawlowski},
  title       = {{Standalone BISON fuel performance results for Watts Bar Unit 1, cycles 1-3}},
  institution = {Oak Ridge National Laboratory},
  day         = 7,
  month       = mar,
  year        = 2016,
  number      = {ORNL/TM--2015/776},
  note        = {\url{https://doi.org/10.2172/1248783}}
}

@InProceedings{Satou_2016,
  author    = {Akira Satou and Yuki Koseki and Takayuki Watanabe and Vyacheslav V. Popov and Victor Ryzhii and Taiichi Otsuji},
  title     = {{Cooperative promotion of plasma instabilities for emission of terahertz radiation in an asymmetric dual-grating gate graphene-channel FET}},
  booktitle = {{Terahertz Physics, Devices, and Systems X: Advanced Applications in Industry and Defense}},
  address   = {Baltimore, Maryland},
  editor    = {M. F. Anwar and T. W. Crowe and T. Manzur},
  publisher = {{International Society for Optics and Photonics (SPIE)}},
  volume    = 9856,
  month     = apr # {~17,},
  year      = 2016,
  note      = {\url{https://doi.org/10.1117/12.2227438}}
}

@TechReport{Patra_2016,
  author      = {Anirban Patra and Carlos Tome},
  title       = {{Interfacing VPSC with finite element codes.  Demonstration of irradiation growth simulation in a cladding tube}},
  institution = {Los Alamos National Laboratory},
  day         = 23,
  month       = mar,
  year        = 2016,
  number      = {LA-UR--16-21960},
  note        = {\url{https://doi.org/10.2172/1244382}}
}

@Article{Jin_2016,
  author  = {Miaomiao Jin and Michael Short},
  title   = {Multiphysics modeling of two-phase film boiling within porous corrosion deposits},
  journal = {Journal of Computational Physics},
  volume  = 316,
  month   = jul,
  year    = 2016,
  pages   = {504--518},
  note    = {\url{https://doi.org/10.1016/j.jcp.2016.03.013}}
}

@Article{Chakraborty_2016,
  author  = {Pritam Chakraborty and Piyush Sabharwall and Mark C. Carroll},
  title   = {A phase-field approach to model multi-axial and microstructure dependent fracture in nuclear grade graphite},
  journal = {Journal of Nuclear Materials},
  month   = jul,
  volume  = 475,
  year    = 2016,
  pages   = {200--208},
  note    = {\url{https://doi.org/10.1016/j.jnucmat.2016.04.006}}
}

% http://www.sciencedirect.com/science/article/pii/S0149197016300762
@Article{Liu_2016,
  author  = {Rong Liu and Andrew Prudil and Wenzhong Zhou and Paul K. Chan},
  title   = {Multiphysics coupled modeling of light water reactor fuel performance},
  journal = {Progress in Nuclear Energy},
  month   = aug,
  year    = 2016,
  volume  = 91,
  pages   = {38--48},
  note    = {\url{https://doi.org/10.1016/j.pnucene.2016.03.030}}
}

@TechReport{Rabiti_2016,
  author      = {Cristian Rabiti and Andrea Alfonsi and Joshua Cogliati and Diego Mandelli and Robert Kinoshita and Congjian Wang and Daniel Maljovec and Paul Talbot},
  title       = {{RAVEN beta release}},
  institution = {Idaho National Laboratory},
  day         = 1,
  month       = feb,
  year        = 2016,
  number      = {INL/EXT-16-37953},
  note        = {\url{https://doi.org/10.2172/1245532}}
}

% Published online: June, 2015
@Article{Xiang_2016,
  author  = {Jianping Xiang and Luca Antiga and Nicole Varble and Kenneth V. Snyder and Elad I. Levy and Adnan H. Siddiqui and Hui Meng},
  title   = {{AView: An image-based clinical computational tool for intracranial aneurysm flow visualization and clinical management}},
  journal = {Annals of Biomedical Engineering},
  month   = apr,
  year    = 2016,
  volume  = 44,
  number  = 4,
  pages   = {1085--1096},
  note    = {\url{https://doi.org/10.1007/s10439-015-1363-y}}
}

@Article{Galloway_2016,
  author  = {Jack Galloway and Cetin Unal},
  title   = {{Accident-tolerant-fuel performance analysis of APMT steel clad/UO$_2$ fuel and APMT steel clad/UN-U$_3$Si$_5$ fuel concepts}},
  journal = {Nuclear Science and Engineering},
  month   = apr,
  year    = 2016,
  volume  = 182,
  number  = 4,
  pages   = {523--537},
  note    = {\url{https://doi.org/10.13182/NSE15-7}}
}

@Article{Williamson_2016,
  author  = {R. L. Williamson and K. A. Gamble and D. M. Perez and S. R. Novascone and G. Pastore and R. J. Gardner and J. D. Hales and W. Liu and A. Mai},
  title   = {{Validating the BISON fuel performance code to integral LWR experiments}},
  journal = {Nuclear Engineering and Design},
  month   = may,
  year    = 2016,
  volume  = 301,
  pages   = {232--244},
  note    = {\url{https://doi.org/10.1016/j.nucengdes.2016.02.020}}
}

@Article{Kunwar_2016a,
  author  = {Anil Kunwar and Haoran Ma and Haitao Ma and Junhao Sun and Ning Zhao and Mingliang Huang},
  title   = {{On the increase of intermetallic compound's thickness at the cold side in liquid Sn and SnAg solders under thermal gradient}},
  journal = {Materials Letters},
  month   = jun,
  year    = 2016,
  volume  = 172,
  pages   = {211--215},
  note    = {\url{https://doi.org/10.1016/j.matlet.2016.02.075}}
}

@Article{Amundsen_2016,
  author  = {Morten Amundsen and Jacob Linder},
  title   = {{General solution of 2D and 3D superconducting quasiclassical systems: Coalescing vortices and nanoisland geometries}},
  journal = {Scientific Reports},
  month   = mar,
  year    = 2016,
  volume  = 6,
  pages   = {22765 (13 pages)},
  note    = {\url{https://doi.org/10.1038/srep22765}, ArXiv e-print: \url{http://arxiv.org/abs/1512.00030}}
}

@Article{Lindsay_2016,
  author  = {Alexander D. Lindsay and David B. Graves and Steven C. Shannon},
  title   = {Fully coupled simulation of the plasma liquid interface and interfacial coefficient effects},
  journal = {Journal of Physics D: Applied Physics},
  volume  = 49,
  number  = 23,
  pages   = {235204 (9 pages)},
  month   = may,
  year    = 2016,
  note    = {\url{https://doi.org/10.1088/0022-3727/49/23/235204}, ArXiv e-print: \url{http://arxiv.org/abs/1603.01667}}
}

% http://www.sciencedirect.com/science/article/pii/S0022311515302506
@Article{Short_2016,
  author  = {M. P. Short and D. R. Gaston and M. Jin and L. Shao and F. A. Garner},
  title   = {Modeling injected interstitial effects on void swelling in self-ion irradiation experiments},
  journal = {Journal of Nuclear Materials},
  month   = apr,
  volume  = 471,
  pages   = {200--207},
  year    = 2016,
  note    = {\url{https://doi.org/10.1016/j.jnucmat.2015.10.002}}
}

@Article{Paesold_2016,
  author  = {Martin K. Paesold and Andrew P. Bassom and Klaus Regenauer-Lieb and Manolis Veveakis},
  title   = {Conditions for the localisation of plastic deformation in temperature sensitive visco-plastic materials},
  journal = {Journal of Mechanics of Materials and Structures},
  month   = feb,
  volume  = 11,
  number  = 2,
  pages   = {113--136},
  year    = 2016,
  note    = {\url{https://doi.org/10.2140/jomms.2016.11.113}}
}

@Article{Fox_2016,
  author  = {Don T. Fox and Luanjing Guo and Yoshiko Fujita and Hai Huang and George Redden},
  title   = {Experimental and numerical analysis of parallel reactant flow and transverse mixing with mineral precipitation in homogeneous and heterogeneous porous media},
  journal = {Transport in Porous Media},
  month   = feb,
  volume  = 111,
  number  = 3,
  pages   = {605--626},
  year    = 2016,
  note    = {\url{https://doi.org/10.1007/s11242-015-0614-6}}
}

% http://meetings.aps.org/Meeting/MAR16/Session/F33.2
@InProceedings{Zhao_2016,
  author    = {Xujun Zhao and Juan {Hernandez-Ortiz} and Dmitry Karpeyev and Juan {de Pablo} and Barry Smith},
  title     = {{A particle-in-mesh method for Brownian dynamics simulation of many-particle systems with hydrodynamics interactions in a confined geometry}},
  booktitle = {{Proceedings of the American Physical Society March Meeting}},
  address   = {Baltimore, Maryland},
  month     = mar # {~14--18,},
  year      = 2016,
  note      = {Abstract F33.00002, \url{https://tinyurl.com/ybs9me74}}
}

@Article{Guillen_2016,
  author  = {F. {Guill{\'{e}}n-Gonz{\'{a}}lez} and J. R. {Rodr{\'{i}}guez Galv{\'{a}}n}},
  title   = {{On the stability of approximations for the Stokes problem using different finite element spaces for each component of the velocity}},
  journal = {Applied Numerical Mathematics},
  volume  = 99,
  month   = jan,
  year    = 2016,
  pages   = {51--76},
  note    = {\url{https://doi.org/10.1016/j.apnum.2015.07.002}, ArXiv preprint: 1411.7930, Dec.~2014, \url{http://arxiv.org/abs/1411.7930}}
}

@Article{Poulet_2016,
  author  = {Thomas Poulet and Manolis Veveakis},
  title   = {{A viscoplastic approach for pore collapse in saturated soft rocks using REDBACK: an open-source parallel simulator for Rock mEchanics with Dissipative feedBACKs}},
  journal = {Computers and Geotechnics},
  month   = apr,
  year    = 2016,
  volume  = 74,
  pages   = {211--221},
  note    = {\url{https://doi.org/10.1016/j.compgeo.2015.12.015}}
}

@Article{Koseki_2016,
  author  = {Y. Koseki and V. Ryzhii and T. Otsuji and V. V. Popov and A. Satou},
  title   = {Giant plasmon instability in a dual-grating-grate graphene field-effect transistor},
  journal = {Physical Review B},
  volume  = 93,
  number  = 24,
  month   = jun,
  year    = 2016,
  pages   = {245408 (5 pages)},
  note    = {\url{https://doi.org/10.1103/PhysRevB.93.245408}, ArXiv e-print: \url{http://arxiv.org/abs/1601.08108}}
}

@Article{Laboure_2016,
  author  = {Vincent M. Labour{\'{e}} and Ryan G. McClarren and Cory D. Hauck},
  title   = {{Implicit filtered $P_N$ for high-energy density thermal radiation transport using discontinuous Galerkin finite elements}},
  journal = {Journal of Computational Physics},
  volume  = 321,
  month   = sep,
  year    = 2016,
  pages   = {624--643},
  note    = {\url{https://doi.org/10.1016/j.jcp.2016.05.046}, ArXiv e-print 1601.08242, \url{http://arxiv.org/abs/1601.08242}}
}

@Article{Einkemmer_2016,
  author  = {Lukas Einkemmer and Alexander Ostermann},
  title   = {{Overcoming order reduction in diffusion-reaction splitting. Part 2: oblique boundary conditions}},
  journal = {SIAM Journal on Scientific Computing},
  year    = 2016,
  volume  = 38,
  number  = 6,
  pages   = {A3741--A3757},
  note    = {\url{https://doi.org/10.1137/16M1056250}, ArXiv e-print: \url{http://arxiv.org/abs/1601.02288}}
}

@Article{Permann_2016,
  author  = {Cody J. Permann and Michael R. Tonks and Bradley Fromm and Derek R. Gaston},
  title   = {{Order parameter re-mapping algorithm for 3D phase field model of grain growth using FEM}},
  journal = {Computational Materials Science},
  month   = apr,
  year    = 2016,
  volume  = 115,
  pages   = {18--25},
  note    = {\url{https://doi.org/10.1016/j.commatsci.2015.12.042}}
}

@Article{Guo_2016,
  author  = {Hanqi Guo and Carolyn L. Phillips and Tom Peterka and Dmitry Karpeyev and Andreas Glatz},
  title   = {{Extracting, tracking, and visualizing magnetic flux vortices in 3D complex-valued superconductor simulation data}},
  journal = {IEEE Transactions on Visualization and Computer Graphics},
  volume  = 22,
  number  = 1,
  pages   = {827--836},
  month   = jan,
  year    = 2016,
  note    = {\url{https://doi.org/10.1109/TVCG.2015.2466838}}
}

@Article{Jokisaari_2016,
  author  = {A. M. Jokisaari and C. Permann and K. Thornton},
  title   = {A nucleation algorithm for the coupled conserved-nonconserved phase field model},
  journal = {Computational Materials Science},
  month   = feb,
  year    = 2016,
  volume  = {112, Part A},
  pages   = {128--138},
  note    = {\url{https://doi.org/10.1016/j.commatsci.2015.10.009}}
}

@Article{Bai_2016,
  author  = {Xian-Ming Bai and Michael R. Tonks and Yongfeng Zhang and Jason D. Hales},
  title   = {{Multiscale modeling of thermal conductivity of high burnup structures in UO$_2$ fuels}},
  journal = {Journal of Nuclear Materials},
  volume  = 470,
  month   = mar,
  year    = 2016,
  pages   = {208--215},
  note    = {\url{https://doi.org/10.1016/j.jnucmat.2015.12.028}}
}

@Article{Tzirakis_2016,
  author  = {K. Tzirakis and L. Botti and V. Vavourakis and Y. Papaharilaou},
  title   = {{Numerical modelling of non-Newtonian biomagnetic fluid flow}},
  journal = {Computers \& Fluids},
  volume  = 126,
  month   = mar,
  year    = 2016,
  pages   = {170--180},
  note    = {\url{https://doi.org/10.1016/j.compfluid.2015.11.016}}
}

@Article{Vavourakis_2016,
  author  = {Vasileios Vavourakis and John H. Hipwell and David J. Hawkes},
  title   = {An inverse finite element $u$/$p$-formulation to predict the unloaded state of \emph{in vivo} biological soft tissues},
  journal = {Annals of Biomedical Engineering},
  volume  = 44,
  number  = 1,
  pages   = {187--201},
  month   = jan,
  year    = 2016,
  note    = {\url{https://doi.org/10.1007/s10439-015-1405-5}}
}

% http://www.ci2ma.udec.cl/wonapde2016/minisymposia/abstract/krause.pdf
@InProceedings{Favino_2016,
  author    = {M. Favino and E. Foster and S. Pezzuto and S. Pozzi and F. Prinzen and A. Auricchio and R. Krause},
  title     = {Coupling strategies for electro-mechanics in the heart},
  booktitle = {{Proceedings of the Fifth Chilean Workshop on Numerical Analysis of Partial Differential Equations (WONAPDE2016)}},
  address   = {Concepci{\'{o}}n, Chile},
  month     = jan # {~11--15,},
  year      = 2016,
  note      = {\url{https://tinyurl.com/ybvp9lge}}
}

@Article{Tonks_2016,
  author  = {Michael R. Tonks and Xiang-Yang Liu and David Andersson and Danielle Perez and Aleksandr Chernatynskiy and Giovanni Pastore and Christopher R. Stanek and Richard Williamson},
  title   = {{Development of a multiscale thermal conductivity model for fission gas in UO$_2$}},
  journal = {Journal of Nuclear Materials},
  month   = feb,
  year    = 2016,
  volume  = 469,
  pages   = {89--98},
  note    = {\url{https://doi.org/10.1016/j.jnucmat.2015.11.042}}
}
