% Alignment is done in emacs with M-x align-regexp RET = RET

@Comment{Article_Template,
  author  = {},
  title   = {{}},
  journal = {},
  month   = ,
  year    = ,
  volume  = ,
  number  = ,
  pages   = {--},
  note    = {\url{https://doi.org}}
}

@Comment{Manual_Template,
  author       = {},
  title        = {{}},
  organization = {},
  address      = {},
  edition      = {},
  month        = ,
  key          = {},
  year         = ,
  note         = {\url{https://doi.org}}
}

@Comment{book_template,
  author    = {},
  title     = {{}},
  publisher = {},
  address   = {},
  year      =
}


@Comment{phdthesis_template,
  author = {},
  school = {},
  title  = {{}},
  note   = {\url{}},
  month  = ,
  year   =
}

@Comment{InProceedings_Template,
  author    = {},
  title     = {{}},
  booktitle = {{}},
  address   = {},
  editor    = {},
  pages     = {},
  publisher = {},
  month     = ,
  year      = ,
  note      = {\url{}}
}

@Comment{TechReport_Template,
  author      = {},
  title       = {{}},
  institution = {},
  day         = ,
  month       = ,
  year        = ,
  number      = ,
  note        = {\url{}}
}

@Comment{InCollection_Template,
  author    = {},
  title     = {{}},
  pages     = {},
  year      = ,
  publisher = {},
  address   = {},
  booktitle = {},
  volume    = {},
  note      = {\url{}}
}


@Comment{Misc_Template,
  author       = {},
  title        = {{}},
  month        = ,
  year         = ,
  howpublished = ,
  note         = {\url{}}
}
