% http://citeseerx.ist.psu.edu/viewdoc/download?doi=10.1.1.378.8912&rep=rep1&type=pdf
@phdthesis{Nenning_Dissertation,
  author = {Mathias Nenning},
  school = {Graz University of Technology, Institute of Applied Mechanics},
  title  = {{Infinite Elements for Elasto- and Poroelastodynamics}},
  note   = {\url{https://tinyurl.com/y8nsh3yg}},
  month  = aug,
  year   = 2010
}

% https://smartech.gatech.edu/handle/1853/39588
@phdthesis{Dec_2010,
  author = {John A. Dec},
  school = {Georgia Institute of Technology},
  title  = {{Three dimensional finite element ablative thermal response analysis applied to heatshield penetration design}},
  note   = {\url{https://tinyurl.com/y77ygjgt}},
  month  = may,
  year   = 2010
}

@phdthesis{Mahadevan_2010,
  author = {Vijay Subramaniam Mahadevan},
  school = {Texas A\&M University},
  title  = {{High resolution numerical methods for coupled non-linear multi-physics simulations with applications in reactor analysis}},
  note   = {\url{http://hdl.handle.net/1969.1/ETD-TAMU-2010-08-8579}},
  month  = aug,
  year   = 2010
}

% https://hal.archives-ouvertes.fr/tel-00562015
@phdthesis{Augier_2010,
  author = {Adeline Augier},
  school = {Universit{\'{e}} Paris Sud XI},
  title  = {{Modelling and numerical simulation of porous media for the soundproofing of plane cabins}},
  note   = {\url{https://tinyurl.com/ycgzzt6s}},
  month  = nov,
  year   = 2010
}

% Dena Tomchak was managing editor for this Tech. Report
% https://inldigitallibrary.inl.gov/sites/sti/sti/4536704.pdf
% The following chapters either cite or use MOOSE in some capacity:
%
% D. Wolf
% Integrated mesoscale approach for the simulation of nuclear-fuel behavior
% 31--32
%
% F. F. Stewart and S. J. Orme and J. D. Way
% Investigation of low-temperature performance in membrane materials and processes for gas separations
% 129--131
%
% R. C. Martineau and H. Park
% A general framework for simulating fully coupled mass and energy transport
% 162--165
%
% D. R. Gaston and G. Hansen and M. Pernice
% Uncertainty quantification for nuclear fuels performance
% 286--288
@TechReport{Tomchak_2010,
  author      = {D. Tomchak and others},
  title       = {{Idaho National Laboratory Directed Research and Development FY-2009}},
  institution = {Idaho National Laboratory},
  day         = 1,
  month       = mar,
  year        = 2010,
  number      = {INL/EXT-09-17391},
  note        = {\url{https://doi.org/10.2172/983355}}
}

% https://ntrs.nasa.gov/search.jsp?R=20100025561
@InProceedings{Kirk_2010c,
  author    = {Benjamin S. Kirk},
  title     = {{Fully-Implicit Navier--Stokes (FIN-S)}},
  booktitle = {{9th World Congress on Computational Mechanics (WCCM/APCOM2010)}},
  address   = {Sydney, Australia},
  month     = jul # {~19--23,},
  year      = 2010,
  note      = {JSC-CN-20996, \url{https://tinyurl.com/ya8fjd4q}}
}

@Article{Tonks_2010,
  author  = {Michael Tonks and Derek Gaston and Cody Permann and Paul Millett and Glen Hansen and Dieter Wolf},
  title   = {A coupling methodology for mesoscale-informed nuclear fuel performance codes},
  journal = {Nuclear Engineering and Design},
  year    = 2010,
  volume  = 240,
  number  = 10,
  pages   = {2877--2883},
  note    = {\url{https://doi.org/10.1016/j.nucengdes.2010.06.005}}
}

@Misc{Wang_2010,
  author       = {Shun Wang and Eric {de Sturler} and Glaucio H. Paulino},
  title        = {Dynamic adaptive mesh refinement for topology optimization},
  month        = sep,
  year         = 2010,
  howpublished = {ArXiv e-print},
  note         = {\url{https://arxiv.org/abs/1009.4975}}
}

@InProceedings{Burtscher_2010b,
  author    = {Martin Burtscher and Byoung-Do Kim and Jeff Diamond and John McCalpin and Lars Koesterke and James Browne},
  booktitle = {2010 International Conference for High Performance Computing, Networking, Storage and Analysis (SC)},
  address   = {New Orleans, Louisiana},
  title     = {{PerfExpert: An easy-to-use performance diagnosis tool for HPC applications}},
  year      = 2010,
  month     = nov # {~13--19,},
  pages     = {1--11},
  note      = {\url{https://doi.org/10.1109/SC.2010.41}}
}

% http://www.ices.utexas.edu/media/reports/2010/1004.pdf
@TechReport{Burtscher_2010,
  author      = {Martin Burtscher and Byoung-Do Kim and Jeff Diamond and John McCalpin and Lars Koesterke and James Browne},
  title       = {{PerfExpert: An automated HPC performance measurement and analysis tool with optimization recommendations}},
  institution = {Institute for Computational Engineering and Sciences (ICES)},
  month       = feb,
  year        = 2010,
  number      = {10-04},
  note        = {\url{https://tinyurl.com/z3x596e}}
}

% http://www.amcaonline.org.ar/ojs/index.php/mc/article/view/3225
@Article{Rossa_2010,
  author  = {Andr{\'{e}} L. Rossa and Jos{\'{e}} J. Camata and Alvaro L. G. A. Coutinho},
  title   = {Hourglass control for the stabilized finite element solution of coupled incompressible viscous flows and heat transfer},
  journal = {Mec{\'{a}}nica Computacional -- High Performance Computing in Computational Mechanics (B)},
  year    = 2010,
  volume  = {XXIX},
  number  = 31,
  pages   = {3169--3184},
  note    = {\url{https://tinyurl.com/hp55zmr}}
}

% http://www.dtic.mil/cgi-bin/GetTRDoc?Location=U2&doc=GetTRDoc.pdf&AD=ADA530920
@TechReport{Pecchia_2010,
  author      = {Alessandro Pecchia},
  title       = {{Transport at the nanoscale: Integration of micro-macro scales for electrothermal device simulations}},
  institution = {University of Rome, ``Tor Vergata''},
  day         = 27,
  month       = may,
  year        = 2010,
  number      = {A029035, Grant No: FA8655-08-1-3017},
  note        = {\url{https://tinyurl.com/o8nbpom}}
}

@TechReport{Ragusa_2010,
  author      = {Jean Ragusa and Andrew Siegel and Jean-Michel Ruggieri},
  title       = {Neutronic/thermalhydraulic coupling techniques for sodium cooled fast reactor simulations},
  institution = {Department of Energy},
  day         = 28,
  month       = sep,
  year        = 2010,
  number      = {14837},
  note        = {\url{https://doi.org/10.2172/992636}}
}

% http://www.dem.ist.utl.pt/engopt2010/Book_and_CD/Papers_CD_Final_Version/pdf/12/01122-01.pdf
@InProceedings{Olivera_2010,
  author    = {S. Oliveira and A.-M. Toader and P. Vieira},
  title     = {Finding the elastic coefficients of a damaged zone in a concrete dam using material optimization to fit measured modal parameters},
  booktitle = {{Proceedings of the 2nd International Conference on Engineering Optimization}},
  month     = sep # {~6--9,},
  address   = {Lisbon, Portugal},
  year      = 2010,
  note      = {\url{https://tinyurl.com/y8qdxjwu}}
}

@Article{Kirk_2010b,
  author  = {Benjamin S. Kirk},
  title   = {Adiabatic shock capturing in perfect gas hypersonic flows},
  journal = {International Journal for Numerical Methods in Fluids},
  year    = 2010,
  month   = nov,
  volume  = 64,
  number  = 9,
  pages   = {1041--1062},
  note    = {\url{https://doi.org/10.1002/fld.2195}}
}

@Article{Fuentes_2010b,
  author  = {David Fuentes and Rex Cardan and R. Jason Stafford and Joshua Yung and Gerald D. {Dodd III} and Yusheng Feng},
  title   = {High-fidelity computer models for prospective treatment planning of radiofrequency ablation with in vitro experimental correlation},
  journal = {Journal of Vascular and Interventional Radiology},
  volume  = 21,
  number  = 11,
  month   = nov,
  year    = 2010,
  pages   = {1725--1732},
  note    = {\url{https://doi.org/10.1016/j.jvir.2010.07.022}}
}

% This journal does not use DOIs.
% http://www.jmoe.org/index.php/jmoe/article/view/280
@Article{Pereira_2010,
  author  = {Fabio Henrique Pereira and Silvio Ikuyo Nabeta},
  title   = {Wavelet-based algebraic multigrid method using the lifting technique},
  journal = {Journal of Microwaves, Optoelectronics, and Electromagnetic Applications},
  year    = 2010,
  volume  = 9,
  number  = 1,
  pages   = {1--9},
  month   = jun,
  note    = {\url{https://tinyurl.com/yddnkh46}}
}

@Article{Nagler_2010,
  author  = {Loris Nagler and Martin Schanz},
  title   = {An extendable poroelastic plate formulation in dynamics},
  journal = {Archive of Applied Mechanics},
  year    = 2010,
  volume  = 80,
  issue   = 10,
  month   = oct,
  pages   = {1177--1195},
  note    = {\url{https://doi.org/10.1007/s00419-010-0429-4}}
}

@Article{Fuentes_2010a,
  author  = {David Fuentes and Yusheng Feng and Andrew Elliott and Anil Shetty and Roger J. McNichols and J. Tinsley Oden and R. J. Stafford},
  title   = {{Adaptive real-time bioheat transfer models for computer driven MR-guided laser induced thermal therapy}},
  journal = {IEEE Transactions on Biomedical Engineering},
  year    = 2010,
  volume  = 57,
  number  = 5,
  month   = may,
  pages   = {1024--1030},
  note    = {\url{https://doi.org/10.1109/TBME.2009.2037733}}
}

@Article{Brown_2010,
  author  = {Jed Brown},
  title   = {{Efficient nonlinear solvers for nodal high-order finite elements in 3D}},
  journal = {Journal of Scientific Computing},
  year    = 2010,
  volume  = 45,
  issue   = {1--3},
  month   = oct,
  pages   = {48--63},
  note    = {\url{https://doi.org/10.1007/s10915-010-9396-8}}
}

@Article{Lu_2010,
  author  = {Yujie Lu and Banghe Zhu and Haiou Shen and John C. Rasmussen and Ge Wang and Eva M. Sevick-Muraca},
  title   = {A parallel adaptive finite element simplified spherical harmonics approximation solver for frequency domain fluorescence molecular imaging},
  journal = {Physics in Medicine and Biology},
  year    = 2010,
  volume  = 55,
  number  = 16,
  month   = aug,
  pages   = {4625--4645},
  note    = {\url{https://doi.org/10.1088/0031-9155/55/16/002}}
}

@Article{Berrone_2010a,
  author  = {S. Berrone},
  title   = {Skipping transition conditions in a posteriori error estimates for finite element discretizations of parabolic equations},
  journal = {Mathematical Modelling and Numerical Analysis (M2AN)},
  month   = may,
  year    = 2010,
  volume  = 44,
  number  = 3,
  pages   = {455--484},
  note    = {\url{https://doi.org/10.1051/m2an/2010009}}
}

@Article{Kirk_2010a,
  author  = {Benjamin S. Kirk and Graham F. Carey},
  title   = {Validation of fully implicit, parallel finite element simulations of laminar hypersonic flows},
  journal = {AIAA Journal},
  year    = 2010,
  month   = jun,
  volume  = 48,
  number  = 6,
  pages   = {1025--1036},
  note    = {\url{https://doi.org/10.2514/1.40860}}
}

@Article{Zhu_2010,
  author  = {Y. Zhu and X. Y. Luo and R. W. Ogden},
  title   = {Nonlinear axisymmetric deformations of an elastic tube under external pressure},
  journal = {European Journal of Mechanics - A/Solids},
  year    = 2010,
  volume  = 29,
  number  = 2,
  month   = {March--April},
  pages   = {216--229},
  note    = {\url{https://doi.org/10.1016/j.euromechsol.2009.10.004}}
}

@Article{Knezevic_2010a,
  author  = {Davi J. Knezevic and Anthony T. Patera},
  title   = {{A certified reduced basis method for the Fokker--Planck equation of dilute polymeric fluids: FENE dumbbells in extensional flow}},
  journal = {SIAM Journal on Scientific Computing},
  year    = 2010,
  volume  = 32,
  number  = 2,
  pages   = {793--817},
  note    = {\url{https://doi.org/10.1137/090759239}}
}

@Article{Zhengyong_2010,
  author  = {Zhengyong Ren and Jingtian Tang},
  title   = {{3D direct current resistivity modeling with unstructured mesh by adaptive finite-element method}},
  journal = {Geophysics},
  year    = 2010,
  volume  = 1,
  number  = 75,
  pages   = {H7--H17},
  note    = {\url{https://doi.org/10.1190/1.3298690}}
}

% http://pangea.stanford.edu/ERE/pdf/IGAstandard/SGW/2010/podgorne.pdf
@InProceedings{Podgorney_2010,
  author    = {Robert Podgorney and Hai Huang and Derek Gaston},
  title     = {Massively parallel fully coupled implicit modeling of coupled thermal-hydrological-mechanical processes for enhanced geothermal system reservoirs},
  booktitle = {{Proceedings of the 35th Workshop on Geothermal Reservoir Engineering}},
  address   = {Stanford, California},
  month     = feb,
  year      = 2010,
  note      = {\url{https://tinyurl.com/jv89o8k}}
}

@Article{Carey_2010,
  author  = {Graham F. Carey and David J. Knezevic},
  title   = {{Multiscale and hysteresis effects in vortex pattern simulations for Ginzburg-Landau problems}},
  journal = {International Journal for Numerical Methods in Engineering},
  year    = 2010,
  volume  = 81,
  number  = 7,
  pages   = {866--891},
  note    = {\url{https://doi.org/10.1002/nme.2714}}
}

@Article{Peterson_2010,
  author  = {J. W. Peterson and G. F. Carey and B. T. Murray},
  title   = {Multi-resolution simulation of double-diffusive convection in porous media},
  journal = {International Journal of Numerical Methods for Heat \& Fluid Flow},
  volume  = 20,
  number  = 1,
  year    = 2010,
  pages   = {37--65},
  note    = {\url{https://doi.org/10.1108/09615531011008118}}
}

@Article{Botti_2010,
  author  = {Lorenzo Botti and Marina Piccinelli and Bogdan Ene-Iordache and Andrea Remuzzi and Luca Antiga},
  title   = {An adaptive mesh refinement solver for large-scale simulation of biological flows},
  journal = {International Journal for Numerical Methods in Biomedical Engineering},
  year    = 2010,
  volume  = 26,
  number  = 1,
  pages   = {86--100},
  note    = {\url{https://doi.org/10.1002/cnm.1257}}
}

@Comment LocalWords:  InProceedings Burtscher McCalpin Koesterke booktitle HPC
@Comment LocalWords:  PerfExpert nov TechReport feb Rossa Mec Tonks
@Comment LocalWords:  nica Computacional Pecchia nanoscale nd Gaston
@Comment LocalWords:  electrothermal Vergata GetTRDoc pdf sep Permann
@Comment LocalWords:  Ragusa Siegel Neutronic Olivera Vieira Millett
@Comment LocalWords:  Thermalhydraulic Oliveira Cardan Yung mesoscale
@Comment LocalWords:  Feng Radiofrequency Vitro Pereira oct De ArXiv
@Comment LocalWords:  Interventional multigrid Nagler Schanz Sturler
@Comment LocalWords:  Optoelectronics extendable poroelastic Dodd
@Comment LocalWords:  Shetty Bioheat IEEE Biomed Zhu Shen aug
@Comment LocalWords:  Berrone posteriori discretizations AIAA
@Comment LocalWords:  axisymmetric Knezevic FENE Zhengyong th
@Comment LocalWords:  Ren Podgorney Multiscale Ginzburg Multi
@Comment LocalWords:  Botti Piccinelli Ene Iordache Remuzzi Modelling
@Comment LocalWords:  Antiga incompressible hypersonic resistivity
@Comment LocalWords:  hydrological Biomedical
