@phdthesis{Camata_2011,
  author = {J.~J.~Camata},
  school = {COPPE Universidade Federal do Rio de Janeiro},
  title  = {{Estrat\'{e}gias computacionais de alto desempenho aplicadas ao m\'{e}todo dos elementos finitos}},
  note = {\url{http://objdig.ufrj.br/60/teses/coppe_d/JoseJeronimoCamata.pdf}},
  month = may,
  year = {2011}
}

@phdthesis{Mahadevan_2010,
  author = {V.~S.~Mahadevan},
  school = {Texas A\&M University},
  title  = {{High resolution numerical methods for coupled non-linear multi-physics simulations with applications in reactor analysis}},
  note = {\url{http://repository.tamu.edu/bitstream/handle/1969.1/ETD-TAMU-2010-08-8579/MAHADEVAN-DISSERTATION.pdf}},
  month = aug,
  year = {2010}
}

@phdthesis{Rammerstorfer_2008,
  author = {F.~Rammerstorfer},
  school = {Technische Universit\"{a}t Graz},
  title  = {{Simulation von Wellenausbreitung unter Verwendung von `Perfectly Matched Layers'}},
  note = {\url{http://portal.tugraz.at/portal/page/portal/Files/i2610/files/Lehre/Abschlussarbeiten/DA/rammerstorfer_dipl.pdf}},
  month = jun,
  year = {2008}
}

@phdthesis{Nam_2008,
  author = {K.~Nam},
  school = {Georgia Institute of Technology},
  title  = {{Optimization of paths and locations of water quality monitoring systems in surface water environments}},
  note = {\url{https://smartech.gatech.edu/jspui/bitstream/1853/24745/1/nam_kijin_200808_phd.pdf}},
  month = aug,
  year = {2008}
}

@phdthesis{Trepanier_2013,
  author = {P.-Y.~Tr\'{e}panier},
  school = {Universit\'{e} de Montr\'{e}al},
  title  = {{Mod\'{e}lisation radiobiologique pour la planification des traitements en
             radioth\'{e}rapie \`{a} partir de donn\'{e}es d'imagerie sp\'{e}cifiques aux patients}},
  note = {\url{https://papyrus.bib.umontreal.ca/xmlui/bitstream/handle/1866/10241/Trepanier_Pier-Yves_2013_memoire.pdf}},
  month = jul,
  year = 2013
}

@MastersThesis{Petrou_Thesis,
  author = {Z.~Petrou},
  type   = {{Master's Thesis}},
  school = {ASE-EM dept., The University of Texas at Austin},
  title  = {{Thermo-electro-mechanical behavior of ferroelectric nanodots}},
  note = {\url{http://hdl.handle.net/2152/21783}},
  month = aug,
  year = {2013}
}

@phdthesis{Butterfield_2013,
  author = {A.~S.~Butterfield},
  school = {Brigham Young University-Idaho},
  title  = {{Exploration of the phase field framework MARMOT to include
             anisotropic grain boundaries with molecular dynamics}},
  note = {\url{http://www.byui.edu/Documents/physics/Theses/Aaron_ButterfieldS13.pdf}},
  month = jul,
  type = {{Senior thesis (Bachelor of Science)}},
  year = {2013}
}

@phdthesis{Teague_2013,
  author = {M.~C.~Teague},
  school = {Colorado School of Mines},
  title  = {{Characterization and modeling of high burn-up mixed oxide fuel}},
  note = {\url{http://hdl.handle.net/10217/78991}},
  month = may,
  year = {2013}
}

@phdthesis{Dec_2010,
  author = {J.~A.~Dec},
  school = {Georgia Institute of Technology},
  title  = {{Three dimensional finite element ablative thermal response analysis applied to heatshield penetration design}},
  note = {\url{https://smartech.gatech.edu/handle/1853/39588}},
  month = may,
  year = {2010}
}

@phdthesis{Huber_2013,
  author = {J.~Huber},
  school = {University of Basel, Switzerland},
  title  = {{Interior-point methods for PDE-constrained optimization}},
  note = {\url{http://edoc.unibas.ch/28422/1/DisElHuberJohannes.pdf}},
  month = apr # {~23,},
  year = {2013}
}

@phdthesis{HawkinsDaarud_thesis,
  author = {A.~J.~Hawkins-Daarud},
  school = {Institute for Computational Engineering and Sciences (ICES), The University of Texas at Austin},
  title = {{Toward a predictive model of tumor growth}},
  note = {\url{http://repositories.lib.utexas.edu/handle/2152/ETD-UT-2011-05-3395}},
  month = may,
  year = {2011}
}


@phdthesis{Garg_thesis,
  author = {V.~V.~Garg},
  school = {Institute for Computational Engineering and Sciences (ICES), The University of Texas at Austin},
  title = {{Coupled flow systems, adjoint techniques and uncertainty quantification}},
  note = {\url{http://repositories.lib.utexas.edu/handle/2152/ETD-UT-2012-08-6034}},
  month = aug,
  year = {2012}
}


% Alvaro Coutinho's student
@phdthesis{Rossa_thesis,
  author = {A.~L.~Rossa},
  school = {Department of Civil Engineering, COPPE/UFRJ},
  title  = {{Parallel adaptive simulation of incompressible viscous flows using stabilized finite elements}},
  note = {\url{http://www.coc.ufrj.br/index.php/teses-de-doutorado/156-2012/2242-andre-luis-rossa#abstract}},
  month = mar,
  year = {2012}
}





@phdthesis{Brown_thesis,
  author = {J.~A.~Kallen-Brown},
  school = {ETH Z\"{u}rich},
  title  = {{Computational methods for ice flow simulation}},
  note = {\url{http://dx.doi.org/10.3929/ethz-a-007316245}},
  year = {2011}
}


@phdthesis{Bornia_thesis,
  author = {G.~Bornia},
  school = {Universit\`{a} di Bologna},
  title  = {{Analysis of optimal control problems for the incompressible MHD equations and implementation in a finite element multiphysics code}},
  note = {\url{http://amsdottorato.cib.unibo.it/4868/1/giorgio_bornia_tesi.pdf}},
  year = {2012}
}


% This guy cites libmesh but he does not use it as far as I can tell.
% I also have a copy of this on my INL workstation in ~/Documents.
% {Li_Dissertation,
%   author = {D.~Li},
%   school = {The University of British Columbia (Vancouver)},
%   title  = {{Numerical solution of the time-harmonic Maxwell equations and incompressible magnetohydrodynamics problems}},
%   note = {\url{https://circle.ubc.ca/handle/2429/30314}},
%   month = nov,
%   year = {2010}
% }



% I saw a copy of this on google books:
% http://books.google.com/books?id=tCknA3k1S9sC
% Also, there is conflicting data about whether it is 2007 or 2008...
% Libmesh is mentioned on pages 20, 21, and 107.  We are also mentioned
% in the acknowledgments!
@phdthesis{Wang_Dissertation,
  author = {S.~Wang},
  school = {University of Illinois at Urbana-Champaign},
  title  = {{Krylov subspace methods for topology optimization on adaptive meshes}},
  note = {\url{http://gradworks.umi.com/32/90/3290423.html}},
  month = may,
  year = {2008}
}

@phdthesis{Lee_dissertation,
  author = {K.~Lee},
  school = {Massachusetts Institute of Technology},
  title  = {{Understanding new regimes for light-matter interactions}},
  note = {\url{http://dspace.mit.edu/handle/1721.1/66018}},
  month = jun,
  year = {2011}
}

@phdthesis{Nagler_dissertation,
  author = {L.~Nagler},
  school = {Graz University of Technology, Institute of Applied Mechanics},
  title  = {{Simulation of sound transmission through poroelastic plate-like structures}},
  note = {\url{http://fmysql.tu-graz.ac.at/~karl/verlagspdf/nagler_buch_13052011.pdf}},
  month = feb,
  year = {2011}
}


@phdthesis{Nenning_Dissertation,
  author = {M.~Nenning},
  school = {Graz University of Technology, Institute of Applied Mechanics},
  title  = {{Infinite Elements for Elasto- and Poroelastodynamics}},
  note = {\url{http://fmysql.tu-graz.ac.at/~karl/verlagspdf/buch_nenning_10112010.pdf}},
  month = aug,
  year = {2010}
}


@phdthesis{Petrolati_Dissertation,
  author = {E.~Petrolati},
  school = {Universit\`{a} Degli Studi Di Roma ``Tor Vergata''},
  title  = {{Study and Optimization of Polariton LASERs}},
  note = {\url{http://art.torvergata.it/bitstream/2108/1116/1/FINALE.pdf}},
  month = dec,
  year = {2008}
}


@phdthesis{Peterson_Dissertation,
  author = {J.~W.~Peterson},
  school = {ASE-EM dept., The University of Texas at Austin},
  title  = {{Parallel Adaptive Finite Element Methods for Problems in Natural Convection}},
  note = {\url{http://www.cfdlab.ae.utexas.edu/~peterson/diss.pdf}},
  month = may,
  year = {2008}
}


@phdthesis{Stogner_Dissertation,
  author = {R.~H.~Stogner},
  school = {Institute for Computational Engineering and Sciences (ICES), The University of Texas at Austin},
  title  = {{Parallel Adaptive C1 Macro-Elements for Nonlinear Thin Film and Non-Newtonian Flow Problems}},
  note = {\url{http://users.ices.utexas.edu/~roystgnr/dissertation/dissertation-stogner.pdf}},
  month = aug,
  year = {2008}
}

@phdthesis{Kirk_Dissertation,
  author = {B.~S.~Kirk},
  school = {ASE-EM dept., The University of Texas at Austin},
  title  = {{Adaptive Finite Element Simulation of Flow and Transport Applications on Parallel Computers}},
  note = {\url{http://www.cfdlab.ae.utexas.edu/~benkirk/dissertation.pdf}},
  month = may,
  year = {2007}
}

@phdthesis{Knezevic_Dissertation,
  author = {D.~J.~Knezevic},
  school = {University of Oxford, Balliol College},
  title  = {{Analysis and Implementation of Numerical Methods for Simulating Dilute Polymeric Fluids}},
  note = {\url{http://www.comlab.ox.ac.uk/files/1416/knezevic-thesis.pdf}},
  month = {Michaelmas Term},
  year = {2008}
}


@MastersThesis{Peterson_Thesis,
  author = {J.~W.~Peterson},
  type   = {{Master's Report}},
  school = {ASE-EM dept., The University of Texas at Austin},
  title  = {{A Numerical Investigation of B\'{e}nard Convection in Small Aspect Ratio Containers}},
  note = {\url{http://www.cfdlab.ae.utexas.edu/~peterson/masters.pdf}},
  month = may,
  year = {2003}
}

@Comment LocalWords:  phdthesis Camata COPPE Universidade de Janeiro
@Comment LocalWords:  Estrat gias computacionais ao
@Comment LocalWords:  desempenho aplicadas todo aug
@Comment LocalWords:  elementos finitos Mahadevan
@Comment LocalWords:  multi Rammerstorfer Universit
@Comment LocalWords:  Technische Graz von unter al
@Comment LocalWords:  Wellenausbreitung Verwendung
@Comment LocalWords:  Trepanier panier Montr des sp
@Comment LocalWords:  lisation radiobiologique donn
@Comment LocalWords:  planification traitements jul
@Comment LocalWords:  radioth rapie partir cifiques
@Comment LocalWords:  d'imagerie MastersThesis ASE
@Comment LocalWords:  Petrou Thermo electro Teague
@Comment LocalWords:  ferroelectric nanodots PDE di
@Comment LocalWords:  Butterfield anisotropic apr
@Comment LocalWords:  heatshield HawkinsDaarud Garg
@Comment LocalWords:  adjoint Rossa UFRJ ETH Bornia
@Comment LocalWords:  incompressible MHD Urbana feb
@Comment LocalWords:  multiphysics Champaign Krylov
@Comment LocalWords:  Nagler poroelastic Nenning
@Comment LocalWords:  Elasto Poroelastodynamics dec
@Comment LocalWords:  Petrolati Degli Studi Roma
@Comment LocalWords:  Vergata Polariton LASERs nard
@Comment LocalWords:  Stogner Knezevic Balliol
