% http://edoc.unibas.ch/28422/1/DisElHuberJohannes.pdf
@phdthesis{Huber_2013,
  author = {Johannes Huber},
  school = {University of Basel, Switzerland},
  title  = {{Interior-point methods for PDE-constrained optimization}},
  note   = {\url{https://tinyurl.com/owdxlhu}},
  month  = apr # {~23,},
  year   = 2013
}

% https://papyrus.bib.umontreal.ca/xmlui/bitstream/handle/1866/10241/Trepanier_Pier-Yves_2013_memoire.pdf
@phdthesis{Trepanier_2013,
  author = {Pier Yves Tr{\'{e}}panier},
  school = {Universit{\'{e}} de Montr{\'{e}}al},
  title  = {{Mod{\'{e}}lisation radiobiologique pour la planification des traitements en radioth{\'{e}}rapie {\`{a}} partir de donn{\'{e}}es d'imagerie sp{\'{e}}cifiques aux patients}},
  note   = {\url{https://tinyurl.com/hlrnakp}},
  month  = jul,
  year   = 2013
}

% http://hdl.handle.net/2152/21783
@MastersThesis{Petrou_Thesis,
  author = {Zacharias Petrou},
  type   = {{Master's Thesis}},
  school = {ASE-EM dept., The University of Texas at Austin},
  title  = {{Thermo-electro-mechanical behavior of ferroelectric nanodots}},
  note   = {\url{https://tinyurl.com/y99hn9p3}},
  month  = aug,
  year   = 2013
}

@phdthesis{Butterfield_2013,
  author = {Aaron S. Butterfield},
  school = {Brigham Young University-Idaho},
  title  = {{Exploration of the phase field framework MARMOT to include anisotropic grain boundaries with molecular dynamics}},
  note   = {\url{https://doi.org/10.2172/1093887}},
  month  = jul,
  type   = {{Senior thesis (Bachelor of Science)}},
  year   = 2013
}

% https://dspace.library.colostate.edu/bitstream/handle/11124/78991/Teague_mines_0052E_10214.pdf?sequence=1&isAllowed=y
@phdthesis{Teague_2013,
  author = {Melissa Christine Teague},
  school = {Colorado School of Mines},
  title  = {{Characterization and modeling of high burn-up mixed oxide fuel}},
  note   = {\url{https://tinyurl.com/y9593vt9}},
  month  = may,
  year   = 2013
}

% http://www.coc.ufrj.br/index.php/dissertacoes-de-mestrado/378-2013/4280-daniel-francisco-maia-vasconcelos
@MastersThesis{Vasconselos_Thesis,
  author = {Daniel Francisco Maia Vasconcelos},
  type   = {{Master's Thesis}},
  school = {COPPE Universidade Federal do Rio de Janeiro},
  title  = {{Modelo de campo de fases Allen--Cahn baseado em res{\'{i}}duo para a simula\c{c}\~{a}o paralela e adaptativa de escoamentos incompress{\'{i}}veis}},
  note   = {\url{https://tinyurl.com/q892don}},
  month  = aug,
  year   = 2013
}

% http://scholarworks.rit.edu/cgi/viewcontent.cgi?article=5773&context=theses
@MastersThesis{Wieme_Thesis,
  author = {Laura Wieme},
  type   = {{Master's Thesis}},
  school = {Rochester Institute of Technology},
  title  = {{Perception based heterogeneous subsurface scattering for film}},
  note   = {\url{https://tinyurl.com/y93suddv}},
  month  = aug,
  year   = 2013
}

% http://repository.lib.polyu.edu.hk/jspui/bitstream/10397/7169/2/b27575226_ir.pdf
@phdthesis{Dazhong_Thesis,
  author = {Dazhong Li},
  school = {The Hong Kong Polytechnic University},
  title  = {{Lower and upper bound limit analyses for stability problems in geotechnical engineering}},
  note   = {\url{https://tinyurl.com/nk54jcm}},
  month  = dec,
  year   = 2013
}

% https://www.casl.gov/sites/default/files/docs/CASL-U-2013-0346-000.pdf
@TechReport{Jokisaari_2013,
  author      = {A. M. Jokisaari and K. Thornton},
  title       = {{Demonstration of Hyrax capabilities}},
  institution = {Consortium for Advanced Simulation of LWRs (CASL)},
  day         = 29,
  month       = mar,
  year        = 2013,
  number      = {CASL-U-2013-0346-000},
  note        = {\url{https://tinyurl.com/y8bcjjeg}}
}

@TechReport{Rabiti_2013c,
  author      = {Cristian Rabiti and Andrea Alfonsi and Diego Mandelli and Joshua Cogliati and Richard Martineau and Curtis Smith},
  title       = {{Deployment and overview of RAVEN capabilities for a probabilistic risk assessment demo for a PWR station blackout}},
  institution = {Idaho National Laboratory},
  day         = 1,
  month       = jun,
  year        = 2013,
  number      = {INL/EXT-13-29510},
  note        = {\url{https://doi.org/10.2172/1093398}}
}

@InProceedings{Rabiti_2013b,
  author    = {C. Rabiti and D. Mandelli and A. Alfonsi and J. J. Cogliati and R. Kinoshita and D. Gaston and R. Martineau and C. Curtis},
  title     = {{RAVEN: A GUI and an artificial intelligence engine in a dynamic PRA framework}},
  booktitle = {{Proceedings of the ANS Annual Meeting}},
  address   = {Atlanta, Georgia},
  publisher = {American Nuclear Society},
  month     = jun # {~16--20,},
  year      = 2013,
  note      = {INL/CON-13-28360, \url{https://www.osti.gov/biblio/1097158}}
}

% https://inldigitallibrary.inl.gov/sites/sti/sti/5712467.pdf
@TechReport{Berry_2013b,
  author      = {Ray Berry and Ling Zou and Haihua Zhao and David Andr{\v{s}} and John Peterson and Hongbin Zhang and Richard Martineau},
  title       = {{RELAP-7: Demonstrating seven-equation, two-phase flow simulation in a single-pipe, two-phase reactor core and steam separator/dryer}},
  institution = {Idaho National Laboratory},
  day         = 1,
  month       = apr,
  year        = 2013,
  number      = {INL/EXT-13-28750},
  note        = {\url{https://doi.org/10.2172/1087687}}
}

% https://digital.library.unt.edu/ark:/67531/metadc845574/m2/1/high_res_d/1089973.pdf
% https://tinyurl.com/hrv7aqp
@TechReport{Gaston_2013c,
  author      = {Derek Gaston and Cody Permann and David Andr{\v{s}} and John Peterson and Andrew Slaughter},
  title       = {{MOOSE} enhancements towards delivery of an integrated framework},
  institution = {Idaho National Laboratory},
  month       = jul,
  year        = 2013,
  number      = {INL/EXT-13-29814},
  note        = {\url{https://doi.org/10.13140/RG.2.2.12222.69444}}
}

@Article{Prudencio_2013,
  author  = {E. E. Prudencio and P. T. Bauman and S. V. Williams and D. Faghihi and K. Ravi-Chandar and J. T. Oden},
  title   = {A dynamic data driven application system for real-time monitoring of stochastic damage},
  journal = {Procedia Computer Science},
  year    = 2013,
  volume  = 18,
  pages   = {2056--2065},
  note    = {\url{https://doi.org/10.1016/j.procs.2013.05.375}}
}

% http://www-pub.iaea.org/MTCD/Publications/PDF/TE-1775_CD_web.pdf#page=73
% (Published in Nov. 2015)
@InProceedings{Williamson_2013,
  author    = {R. L. Williamson and J. D. Hales and S. R. Novascone and G. Pastore and D. M. Perez and B. W. Spencer and R. C. Martineau},
  title     = {{Overview of the BISON multidimensional fuel performance code}},
  booktitle = {{Proceedings of the IAEA technical meeting on modelling of water-cooled fuel including design-basis and severe accidents}},
  address   = {Chengdu, China},
  pages     = {64--83},
  month     = oct # {~28--} # nov # {~1,},
  year      = 2013,
  note      = {IAEA-TECDOC-CD-1775, \url{https://tinyurl.com/oszna8m}}
}

% http://www-pub.iaea.org/MTCD/Publications/PDF/TE-1775_CD_web.pdf#page=93
% (Published in Nov. 2015)
@InProceedings{Montgomery_2013,
  author    = {Robert Montgomery and C. Stanek and W. Liu and B. Kendrick},
  title     = {{US DOE CASL Program fuel performance modeling for steady state and transient analysis of LWR fuel}},
  booktitle = {{Proceedings of the IAEA technical meeting on modelling of water-cooled fuel including design-basis and severe accidents}},
  address   = {Chengdu, China},
  pages     = {84--111},
  month     = oct # {~28--} # nov # {~1,},
  year      = 2013,
  note      = {IAEA-TECDOC-CD-1775, \url{https://tinyurl.com/jq3aech}}
}

% http://ntrs.nasa.gov/search.jsp?R=20130013759
@InProceedings{Kirk_2013c,
  author    = {Benjamin S. Kirk and John W. Peterson and Roy H. Stogner},
  title     = {{The libMesh finite element library: A case for object-oriented high-performance computing}},
  booktitle = {{PRACE Summer School 2013 -- Frameworks for Scientific Computing on Supercomputers}},
  address   = {Ostrava, Czech Republic},
  month     = jun # {~17--21,},
  year      = 2013,
  note      = {\url{https://tinyurl.com/ybq4okzo}}
}

% http://www.pnnl.gov/main/publications/external/technical_reports/pnnl-22702.pdf
@TechReport{Barker_2013,
  author      = {Erin Barker and Dongsheng Li and Hussein Zbib and Xin Sun},
  title       = {{Gradient plasticity model and its implementation into MARMOT}},
  institution = {Pacific Northwest National Laboratory},
  month       = aug,
  year        = 2013,
  number      = {PNNL-22702},
  note        = {\url{https://tinyurl.com/hb3ceo6}}
}

% libMesh
% "All computations have been conducted using the finite element library libMesh [62]."
@Article{Biermann_2013,
  author  = {J. Biermann and O. von Estorff},
  title   = {Higher order finite and infinite acoustical elements based on ultraspherical polynomials},
  journal = {Acta Acustica united with Acustica},
  month   = sep # {/} # oct,
  year    = 2013,
  volume  = 99,
  number  = 5,
  pages   = {759--769},
  note    = {\url{https://doi.org/10.3813/AAA.918654}}
}

% libMesh
% "Meshing is performed with Tetgen[12], and the finite element solver was written using libMesh[13]"
@InProceedings{Laird_2013,
  author    = {James H. Laird and John L. Parker},
  title     = {A model of evoked potentials in spinal cord stimulation},
  booktitle = {{Engineering in Medicine and Biology Society (EMBC), 2013 35th Annual International Conference of the IEEE}},
  address   = {Osaka, Japan},
  pages     = {6555--6558},
  year      = 2013,
  month     = jul,
  note      = {\url{https://doi.org/10.1109/EMBC.2013.6611057}}
}

% libMesh
% "and for FEA an in house developed solver, based on the open-source C++ libMesh library"
@InProceedings{Metaxa_2013,
  author    = {Eleni Metaxa and Vasileios Vavourakis and Nikolaos Kontopodis and Konstantinos Pagonidis and Christos V. Ioannou and Yannis Papaharilaou},
  title     = {{Abdominal aortic aneurysm rupture risk assessment exploiting dynamic (4D) CT based wall motion data and finite element analysis}},
  booktitle = {{ASME 2013 Summer Bioengineering Conference, Vol.\ 1A}},
  address   = {Sunriver, Oregon},
  pages     = {V01AT01A003; 2 pages},
  year      = 2013,
  month     = jun # {~26--29,},
  note      = {{Paper No.\ SBC2013-14509, \url{https://doi.org/10.1115/SBC2013-14509}}}
}

% libMesh
% "The open-source, parallel, incompressible flow simulation solver GNUID
%  is dedicated for blood flow simulation in AView. The solver relies on the libMesh library."
@InProceedings{Xiang_2013,
  author    = {Jianping Xiang and Nicole Varble and Adnan Siddiqui and Luca Antiga and Hui Meng},
  title     = {{AView: A clinical tool for hemodynamic and morphological analysis of intracranial aneurysms}},
  booktitle = {{ASME 2013 Summer Bioengineering Conference, Vol.\ 1A}},
  address   = {Sunriver, Oregon},
  pages     = {V01AT04A028; 2 pages},
  year      = 2013,
  month     = jun # {~26--29,},
  note      = {{Paper No.\ SBC2013-14770, \url{https://doi.org/10.1115/SBC2013-14770}}}
}

% http://www.pnnl.gov/main/publications/external/technical_reports/PNNL-22829.pdf
@TechReport{Li_2013,
  author      = {Yulan Li and Shenyang Hu and Xin Sun},
  title       = {{Report on the implementation of the homogeneous nucleation scheme in MARMOT-based phase field simulations}},
  institution = {Pacific Northwest National Laboratory},
  month       = sep,
  year        = 2013,
  number      = {PNNL-22829},
  note        = {\url{https://tinyurl.com/pesukh3}}
}

% http://prod.sandia.gov/techlib/access-control.cgi/2013/138439.pdf
@TechReport{Swiler_2013c,
  author      = {Laura P. Swiler and Diego Mandelli and Cristian Rabiti and Andrea Alfonsi},
  title       = {{DAKOTA reliability methods applied to RAVEN/RELAP-7}},
  institution = {Sandia National Laboratory},
  month       = sep,
  year        = 2013,
  number      = {SAND2013-8439},
  note        = {\url{https://tinyurl.com/jrgfvrg}}
}

@TechReport{Medvedev_2013,
  author      = {Pavel G. Medvedev},
  title       = {{Summary report on the fuel performance modeling of the AFC-2A, 2B irradiation experiments}},
  institution = {Idaho National Laboratory},
  month       = sep,
  year        = 2013,
  number      = {INL/EXT-13-30006},
  note        = {\url{https://doi.org/10.2172/1111012}}
}

% https://www.osti.gov/scitech/biblio/1107258
@TechReport{Hales_2013d,
  author      = {J. D. Hales and M. R. Tonks and K. Chockalingam and D. M. Perez and S. R. Novascone and B. W. Spencer and R. L. Williamson},
  title       = {Multiscale nuclear fuel analysis via asymptotic expansion homogenization},
  institution = {Idaho National Laboratory},
  month       = aug,
  year        = 2013,
  number      = {INL/CON-12-27165},
  note        = {\url{https://tinyurl.com/gr87nmg}, Transactions, SMiRT-22, San Francisco, CA, USA, August 18-23, 2013, Division III}
}

@TechReport{Hu_2013b,
  author      = {R. Hu and J. W. Thomas and E. Munkhzul and T. H. Fanning and H. Zhang and R. Martineau},
  title       = {{Development of SFR primary system simulation capability for advanced system codes}},
  institution = {Argonne National Laboratory},
  day         = 30,
  month       = sep,
  year        = 2013,
  number      = {ANL/NE-13/11},
  note        = {\url{http://www.ipd.anl.gov/anlpubs/2014/01/77535.pdf}, \url{https://doi.org/10.2172/1121040}}
}

@TechReport{Hales_2013c,
  author      = {J. D. Hales and S. R. Novascone and G. Pastore and D. M. Perez and B. W. Spencer and R. L. Williamson},
  title       = {{BISON theory manual: The equations behind nuclear fuel analysis}},
  institution = {Idaho National Laboratory},
  month       = oct,
  year        = 2013,
  number      = {INL/EXT-13-29930},
  note        = {\url{https://doi.org/10.2172/1107264}}
}

% http://www.compbiomed.net/2013/cmbe-proceedings.htm
@InProceedings{Ma_2013,
  author    = {X. S. Ma and H. Gao and N. Qi and C. Berry and B. E. Griffith and X. Y. Luo},
  title     = {Image-based immersed boundary/finite element model of the human mitral valve},
  booktitle = {{Proceedings of the Third International Conference on Computational \& Mathematical Biomedical Engineering (CMBE13)}},
  address   = {Kowloon Tong, Hong Kong},
  editor    = {Perumal Nithiarasu and Rainald L{\"{o}}hner and Kim M. Liew},
  month     = dec # {~16--18,},
  year      = 2013,
  note      = {\url{https://tinyurl.com/zs558my}}
}

% http://www.compbiomed.net/2013/cmbe-proceedings.htm
@InProceedings{Flamini_2013,
  author    = {Vittoria Flamini and Abe DeAnda and Boyce E. Griffith},
  title     = {Simulating the effects of intersubject variability in aortic root compliance by the immersed boundary method},
  booktitle = {{Proceedings of the Third International Conference on Computational \& Mathematical Biomedical Engineering (CMBE13)}},
  address   = {Kowloon Tong, Hong Kong},
  editor    = {Perumal Nithiarasu and Rainald L{\"{o}}hner and Kim M. Liew},
  month     = dec # {~16--18,},
  year      = 2013,
  note      = {\url{https://tinyurl.com/zs558my}}
}

@Article{Griffith_2013,
  author  = {Boyce E. Griffith and Vittoria Flamini and Abe DeAnda and Lawrence Scotten},
  title   = {{Simulating the dynamics of an aortic valve prosthesis in a pulse duplicator: Numerical methods and initial experience}},
  journal = {Journal of Medical Devices},
  month   = dec,
  year    = 2013,
  volume  = 7,
  number  = 4,
  pages   = {040912},
  note    = {\url{https://doi.org/10.1115/1.4025768}}
}

% https://www.osti.gov/scitech/biblio/1107274
@TechReport{Novascone_2013c,
  author      = {S. R. Novascone and B. W. Spencer and R. L. Williamson and D. Andr{\v{s}} and J. D. Hales and D. M. Perez},
  title       = {A comparison of thermomechanics coupling strategies in fuel pin and pressure vessel simulations},
  institution = {Idaho National Laboratory},
  month       = aug,
  year        = 2013,
  number      = {INL/CON-12-27510},
  note        = {\url{https://tinyurl.com/h7htocd}, Transactions, SMiRT-22, San Francisco, CA, USA, August 18-23, 2013, Division III}
}

% http://prod.sandia.gov/techlib/access-control.cgi/2013/137051.pdf
@TechReport{Fike_2013,
  author      = {Jeffrey A. Fike},
  title       = {{Construction of reduced order models for the non-linear Navier--Stokes equations using the Proper Orthogonal Decomposition (POD)/Galerkin method}},
  institution = {Sandia National Laboratories},
  month       = aug,
  year        = 2013,
  number      = {SAND2013-7051},
  note        = {\url{https://tinyurl.com/ya27xfo5}}
}

@TechReport{Novascone_2013b,
  author      = {Stephen R. Novascone and Benjamin W. Spencer and Jason D. Hales},
  title       = {{Light water reactor sustainability program: Status report on the Grizzly code enhancements}},
  institution = {Idaho National Laboratory},
  month       = sep,
  year        = 2013,
  number      = {INL/EXT-13-30315},
  note        = {\url{https://doi.org/10.2172/1115617}}
}

% https://neup.inl.gov/SiteAssets/FY2014%20Documents/BISON_assessment_document_2013%20copy.pdf
@TechReport{Perez_2013b,
  author      = {D. M. Perez and R. L. Williamson and S. R. Novascone and G. Pastore and J. D. Hales and B. W. Spencer},
  title       = {{Assessment of BISON: A nuclear fuel performance analysis code}},
  institution = {Idaho National Laboratory},
  month       = nov,
  year        = 2013,
  number      = {INL/MIS-13-30314},
  note        = {\url{https://tinyurl.com/zykc9ah}}
}

@Article{Rong_2013,
  author  = {Ping Rong and Otto von Estorff and Loris Nagler and Martin Schanz},
  title   = {A finite element plate formulation for the acoustical investigation of thin air layers},
  journal = {Journal of Computational Acoustics},
  year    = 2013,
  volume  = 21,
  number  = 4,
  month   = dec,
  pages   = {1350014 (14 pages)},
  note    = {\url{https://doi.org/10.1142/S0218396X13500148}}
}

% https://www.ices.utexas.edu/media/reports/2013/1333.pdf
@TechReport{Fuentes_2013b,
  author      = {D. Fuentes and J. T. Oden and K. R. Diller and J. Yung and Y. Feng and J. D. Hazle and A. Shetty and R. J. Stafford},
  title       = {{Computational and MR-guided patient-specific laser induced thermal therapy of cancer}},
  institution = {Institute for Computational Engineering and Sciences (ICES), The University of Texas at Austin},
  year        = 2013,
  month       = dec,
  number      = {13-33},
  note        = {\url{https://tinyurl.com/zeokjcc}}
}

@Article{Rossa_2013,
  author  = {Andre L. Rossa and Alvaro L. G. A. Coutinho},
  title   = {Parallel adaptive simulation of gravity currents on the lock-exchange problem},
  journal = {Computers \& Fluids},
  year    = 2013,
  month   = dec,
  volume  = 88,
  pages   = {782--794},
  note    = {\url{https://doi.org/10.1016/j.compfluid.2013.06.008}}
}

@Article{Rong_2013b,
  author  = {Ping Rong and Martin Abele and Otto von Estorff},
  title   = {Comparison of different methods for simulating acoustic diffuse field excitations},
  journal = {Acta Acustica united with Acustica},
  year    = 2013,
  volume  = 99,
  number  = 6,
  month   = dec,
  pages   = {931--939},
  note    = {\url{https://doi.org/10.3813/AAA.918672}}
}

@Article{Tonks_2013d,
  author  = {Michael R. Tonks and Yongfeng Zhang and S. B. Biner and Paul C. Millett and Xianming Bai},
  title   = {Guidance to design grain boundary mobility experiments with molecular dynamics and phase-field modeling},
  journal = {Acta Materialia},
  year    = 2013,
  volume  = 61,
  number  = 4,
  pages   = {1373--1382},
  note    = {\url{https://doi.org/10.1016/j.actamat.2012.11.014}}
}

@TechReport{Carlson_2013,
  author      = {Neil N. Carlson and Cetin Unal and Jack D. Galloway},
  title       = {{Formulation of the constituent distribution model implemented into the BISON framework for the analysis of performance of metallic fuels with some initial simulations results}},
  institution = {Los Alamos National Laboratory},
  day         = 30,
  month       = aug,
  year        = 2013,
  number      = {LA-UR-13-26824},
  note        = {\url{https://doi.org/10.2172/1091811}}
}


@Article{Tonks_2013b,
  author  = {Michael R. Tonks and Paul C. Millett and Pankaj Nerikar and Shiyu Du and David Andersson and Christopher R. Stanek and Derek Gaston and David Andr{\v{s}} and Richard Williamson},
  title   = {{Multiscale development of a fission gas thermal conductivity model: Coupling atomic, meso and continuum level simulations}},
  journal = {Journal of Nuclear Materials},
  year    = 2013,
  volume  = 440,
  number  = {1--3},
  pages   = {193--200},
  note    = {\url{https://doi.org/10.1016/j.jnucmat.2013.05.008}}
}

@InProceedings{Gaston_2013b,
  author    = {Derek R. Gaston and John W. Peterson and Cody J. Permann and David Andr{\v{s}} and Andrew E. Slaughter and Jason M. Miller},
  title     = {Continuous integration for concurrent computational framework and application development},
  booktitle = {{First Workshop on Sustainable Software for Science: Practice and Experiences (WSSSPE), In Conjunction with SC13}},
  address   = {Denver, Colorado},
  month     = nov,
  year      = 2013,
  note      = {\url{https://doi.org/10.6084/m9.figshare.790755}}
}

@Article{Botti_2013,
  author  = {Lorenzo Botti and Koen Van Canneyt and Rado Kaminsky and Tom Claessens and Robrecht Nils Planken and Pascal Verdonck and Andrea Remuzzi and Luca Antiga},
  title   = {Numerical evaluation and experimental validation of pressure drops across a patient-specific model of vascular access for hemodialysis},
  journal = {Cardiovascular Engineering and Technology},
  year    = 2013,
  month   = dec,
  volume  = 4,
  number  = 4,
  pages   = {485--499},
  note    = {\url{https://doi.org/10.1007/s13239-013-0162-6}}
}

@Article{Vavourakis_2013b,
  author  = {V. Vavourakis and D. Loukidis and D. C. Charmpis and P. Papanastasiou},
  title   = {A robust finite element approach for large deformation elastoplastic plane-strain problems},
  journal = {Finite Elements in Analysis and Design},
  year    = 2013,
  volume  = 77,
  month   = dec,
  pages   = {1--15},
  note    = {\url{https://doi.org/10.1016/j.finel.2013.08.003}}
}

@Article{Widmer_2013b,
  author  = {Ren{\'{e}} P. Widmer Soyka and Alejandro L{\'{o}}pez and Cecilia Persson and Luca Cristofolini and Stephen J. Ferguson},
  title   = {{Numerical description and experimental validation of a rheology model for non-Newtonian fluid flow in cancellous bone}},
  journal = {Journal of the Mechanical Behavior of Biomedical Materials},
  year    = 2013,
  volume  = 27,
  month   = nov,
  pages   = {43--53},
  note    = {\url{https://doi.org/10.1016/j.jmbbm.2013.06.007}}
}

@Article{Hales_2013b,
  author  = {J. D. Hales and R. L. Williamson and S. R. Novascone and D. M. Perez and B. W. Spencer and G. Pastore},
  title   = {{Multidimensional multiphysics simulation of TRISO particle fuel}},
  journal = {Journal of Nuclear Materials},
  year    = 2013,
  volume  = 443,
  number  = {1--3},
  month   = nov,
  pages   = {531--543},
  note    = {\url{https://doi.org/10.1016/j.jnucmat.2013.07.070}}
}

@Article{Corsini_2013b,
  author  = {Alessandro Corsini and Anthony G. Sheard},
  title   = {End-plate for noise-by-flow control in axial fans},
  journal = {Periodica Polytechnica Mechanical Engineering},
  year    = 2013,
  volume  = 57,
  number  = 2,
  pages   = {3--16},
  note    = {\url{https://doi.org/10.3311/PPme.7039}}
}

% http://prod.sandia.gov/techlib/access-control.cgi/2013/133906.pdf
@TechReport{Swiler_2013b,
  author      = {Laura P. Swiler and Giovanni Pastore and Richard L. Williamson and Danielle M. Perez},
  title       = {{Sensitivity analysis of the fission gas behavior model in BISON}},
  institution = {Sandia National Laboratories},
  month       = may,
  year        = 2013,
  number      = {SAND2013-3906},
  note        = {\url{https://tinyurl.com/hr32mlr}}
}

@Article{Gunther_2013,
  author  = {Andreas G{\"{u}}nther and Hans Lamecker and Martin Weiser},
  title   = {{Flexible shape matching with finite element based LDDMM}},
  journal = {International Journal of Computer Vision},
  volume  = 105,
  number  = 2,
  pages   = {128--143},
  month   = nov,
  year    = 2013,
  note    = {\url{https://doi.org/10.1007/s11263-012-0599-3}}
}

% http://hpc2013.hpclatam.org/papers/HPCLatAm2013-paper-15.pdf
@InProceedings{Gimenez_2013,
  author    = {Juan M. Gimenez and Norberto M. Nigro},
  title     = {{Towards massively parallel simulations with PFEM-2}},
  booktitle = {{Proceedings of VI Latin American Symposium on High Performance Computing (HPCLatAm 2013)}},
  address   = {Mendoza, Argentina},
  editor    = {C. Garcia Garino and M. Printista},
  pages     = {145--157},
  month     = jul # {~29--30,},
  year      = 2013,
  note      = {\url{https://tinyurl.com/gqhlxrc}}
}


@InCollection{Krol_2013,
  author    = {Dawid Kr{\'{o}}l and Dawid Zydek and Henry Selvaraj},
  title     = {{Matrix multiplication in multiphysics systems using CUDA}},
  pages     = {493--502},
  year      = 2013,
  publisher = {Springer International Publishing},
  booktitle = {Advances in Systems Science},
  volume    = 240,
  note      = {\url{https://doi.org/10.1007/978-3-319-01857-7_48}}
}

@TechReport{Rutledge_2013,
  author      = {Veronica J. Rutledge},
  title       = {{OSPREY Model}},
  institution = {Idaho National Laboratory},
  month       = jan,
  year        = 2013,
  number      = {INL/EXT-13-28150},
  note        = {\url{https://doi.org/10.2172/1062195}}
}

% http://fluidsengineering.asmedigitalcollection.asme.org/article.aspx?articleid=1695855
@Article{Corsini_2013,
  author  = {Alessandro Corsini and Franco Rispoli and Anthony G. Sheard and Paolo Venturini},
  title   = {Numerical simulation of coal fly-ash erosion in an induced draft fan},
  journal = {Journal of Fluids Engineering},
  year    = 2013,
  month   = jun,
  volume  = 135,
  number  = 8,
  pages   = {081303 (12 pages)},
  note    = {\url{https://doi.org/10.1115/1.4024127}}
}

% https://lwrs.inl.gov/Materials%20Aging%20and%20Degradation/GRIZZLY-FAVOR_InterfaceProjectReport_ORN_TM_2013_44094.pdf
@TechReport{Dickson_2013,
  author      = {T. L. Dickson and P. T. Williams and S. Yin and H. B. Klasky and S. K. Tadinada and B. R. Bass},
  title       = {{Grizzly/FAVOR interface project report}},
  institution = {Oak Ridge National Laboratory},
  month       = jun,
  year        = 2013,
  number      = {ORNL/TM-2013/44094},
  note        = {\url{https://tinyurl.com/z38u6vn}}
}

@Article{Tahir_2013,
  author  = {Abdul Malik Tahir and Gustav Amberg and Minh Do-Quang},
  title   = {Initial rapid wetting in metallic systems},
  journal = {Acta Materialia},
  month   = aug,
  year    = 2013,
  volume  = 61,
  number  = 14,
  pages   = {5375--5386},
  note    = {\url{https://doi.org/10.1016/j.actamat.2013.05.026}}
}

@InProceedings{Kirk_2013b,
  author    = {Benjamin S. Kirk and Roy H. Stogner and Todd A. Oliver and Paul T. Bauman},
  title     = {Recent advancements in fully-implicit numerical methods for hypersonic reacting flows},
  booktitle = {{21st AIAA Computational Fluid Dynamics Conference}},
  address   = {San Diego, California},
  month     = jun # {~24--27,},
  year      = 2013,
  note      = {\url{https://doi.org/10.2514/6.2013-2559}}
}

@Article{Fahrenholtz_2013,
  author  = {Samuel J. Fahrenholtz and R. Jason Stafford and Florian Maier and John D. Hazle and David Fuentes},
  title   = {{Generalised polynomial chaos-based uncertainty quantification for planning MRgLITT procedures}},
  journal = {International Journal of Hyperthermia},
  month   = jun,
  year    = 2013,
  volume  = 29,
  number  = 4,
  pages   = {324--335},
  note    = {\url{https://doi.org/10.3109/02656736.2013.798036}}
}

% https://www.osti.gov/biblio/22212870-entropy-viscosity-method-applied-euler-equations
@InProceedings{Delchini_2013,
  author    = {M. O. Delchini and J. C. Ragusa and R. A. Berry},
  title     = {{Entropy viscosity method applied to Euler equations}},
  booktitle = {{Proceedings of the International Conference on Mathematics and Computational Methods Applied to Nuclear Science \& Engineering (M\&C 2013)}},
  address   = {Sun Valley, Idaho},
  month     = may # {~5--9,},
  year      = 2013,
  note      = {\url{https://tinyurl.com/y7r3vpv4}}
}

% https://inldigitallibrary.inl.gov/sites/sti/sti/5806429.pdf
@InProceedings{Alfonsi_2013,
  author    = {A. Alfonsi and C. Rabiti and D. Mandelli and J. J. Cogliati and R. A. Kinoshita},
  title     = {{RAVEN as a tool for dynamic probabilistic risk assessment: Software overview}},
  booktitle = {{Proceedings of the International Conference on Mathematics and Computational Methods Applied to Nuclear Science \& Engineering (M\&C 2013)}},
  address   = {Sun Valley, Idaho},
  month     = may # {~5--9,},
  year      = 2013,
  note      = {INL/CON-13-28291, \url{https://www.osti.gov/biblio/1097134}}
}

@InProceedings{Rabiti_2013,
  author    = {C. Rabiti and D. Mandelli and A. Alfonsi and J. J. Cogliati and R. A. Kinoshita},
  title     = {{Mathematical framework for the analysis of dynamic stochastic systems with the RAVEN code}},
  booktitle = {{Proceedings of the International Conference on Mathematics and Computational Methods Applied to Nuclear Science \& Engineering (M\&C 2013)}},
  address   = {Sun Valley, Idaho},
  month     = may # {~5--9,},
  year      = 2013,
  note      = {INL/CON-13-28225, \url{https://www.osti.gov/biblio/1097154}}
}

% https://www.osti.gov/scitech/biblio/22212905
@InProceedings{Wang_2013,
  author    = {Y. Wang},
  title     = {{Nonlinear diffusion acceleration for the multigroup transport equation discretized with $S_N$ and continuous FEM with Rattle$S_N$ake}},
  booktitle = {{Proceedings of the International Conference on Mathematics and Computational Methods Applied to Nuclear Science \& Engineering (M\&C 2013)}},
  address   = {Sun Valley, Idaho},
  month     = may # {~5--9,},
  year      = 2013,
  note      = {\url{https://tinyurl.com/zoalvmp}}
}

% https://www.osti.gov/scitech/biblio/22212859
@InProceedings{Johnson_2013,
  author    = {M. Johnson and H. Zhao},
  title     = {Extended forward sensitivity analysis of one-dimensional isothermal flow},
  booktitle = {{Proceedings of the International Conference on Mathematics and Computational Methods Applied to Nuclear Science \& Engineering (M\&C 2013)}},
  address   = {Sun Valley, Idaho},
  month     = may # {~5--9,},
  year      = 2013,
  note      = {\url{https://tinyurl.com/ztzh9m6}}
}

@InProceedings{Gleicher_2013,
  author    = {F. N. Gleicher and B. W. Spencer and S. R. Novascone and R. L. Williamson and R. C. Martineau and M. Rose and T. J. Downar and B. Collins},
  title     = {{Coupling the core analysis program DeCART to the fuel performance application BISON}},
  booktitle = {{Proceedings of the International Conference on Mathematics and Computational Methods Applied to Nuclear Science \& Engineering (M\&C 2013)}},
  address   = {Sun Valley, Idaho},
  month     = may # {~5--9,},
  year      = 2013,
  note      = {\url{https://www.osti.gov/biblio/22212793}}
}

@InProceedings{HZhang_2013,
  author    = {H. Zhang and L. Zou and D. Andr{\v{s}} and H. Zhao and R. C. Martineau},
  title     = {Point kinetics calculations with fully coupled thermal fluids reactivity feedback},
  booktitle = {{Proceedings of the International Conference on Mathematics and Computational Methods Applied to Nuclear Science \& Engineering (M\&C 2013)}},
  address   = {Sun Valley, Idaho},
  month     = may # {~5--9,},
  year      = 2013,
  note      = {\url{https://www.osti.gov/biblio/22212744}}
}

% https://www.researchgate.net/profile/Michael_Tonks/publication/260868891_Comparison_between_phase_field_simulations_and_experimental_data_from_intragranular_bubble_growth_in_UO2/links/553910c30cf2239f4e7c05bf.pdf
% https://www.osti.gov/biblio/22212722-comparison-between-phase-field-simulations-experimental-data-from-intragranular-bubble-growth-uo-sub
@InProceedings{Tonks_2013,
  author    = {M. R. Tonks and S. B. Biner and P. C. Millett and D. A. Andersson},
  title     = {{Comparison between phase field simulations and experimental data from intragranular bubble growth in UO$_2$}},
  booktitle = {{Proceedings of the International Conference on Mathematics and Computational Methods Applied to Nuclear Science \& Engineering (M\&C 2013)}},
  address   = {Sun Valley, Idaho},
  month     = may # {~5--9,},
  year      = 2013,
  note      = {INL/CON-13-28301, \url{https://tinyurl.com/ybpfdvbm}}
}

% https://pdfs.semanticscholar.org/583b/a3b1a1459c398ec3854386e9dcd615f887bb.pdf
% https://www.osti.gov/etdeweb/biblio/22212901
% https://www.osti.gov/biblio/1088402-solving-implicit-multi-mesh-flow-conjugate-hea
@InProceedings{Zou_2013,
  author    = {Ling Zou and John Peterson and Haihua Zhao and Hongbin Zhang and D. Andr{\v{s}} and Richard Martineau},
  title     = {{Solving implicit multi-mesh flow and conjugate heat transfer problems with RELAP-7}},
  booktitle = {{Proceedings of the International Conference on Mathematics and Computational Methods Applied to Nuclear Science \& Engineering (M\&C 2013)}},
  address   = {Sun Valley, Idaho},
  month     = may # {~5--9,},
  year      = 2013,
  note      = {INL/CON-12-27890, \url{https://tinyurl.com/gp3cw8n}}
}

% https://inldigitallibrary.inl.gov/sites/sti/sti/5680984.pdf
% https://www.osti.gov/biblio/22212797-results-from-tight-loose-coupled-multiphysics-nuclear-fuels-performance-simulations-using-bison
@InProceedings{Novascone_2013,
  author    = {S. R. Novascone and B. W. Spencer and D. Andr{\v{s}} and R. L. Williamson and J. D. Hales and D. M. Perez},
  title     = {Results from tight and loose coupled multiphysics in nuclear fuels performance simulations using {BISON}},
  booktitle = {{Proceedings of the International Conference on Mathematics and Computational Methods Applied to Nuclear Science \& Engineering (M\&C 2013)}},
  address   = {Sun Valley, Idaho},
  month     = may # {~5--9,},
  year      = 2013,
  note      = {INL/CON-13-28275, \url{https://tinyurl.com/y88ys2op}}
}

% https://www.osti.gov/biblio/1089967-evaluation-nuclear-fuel-performance-code
@InProceedings{Perez_2013,
  author    = {D. M. Perez and R. L. Williamson and S. R. Novascone and T. K. Larson and J. D. Hales and B. W. Spencer and G. Pastore},
  title     = {{An evaluation of the nuclear fuel performance code BISON}},
  booktitle = {{Proceedings of the International Conference on Mathematics and Computational Methods Applied to Nuclear Science \& Engineering (M\&C 2013)}},
  address   = {Sun Valley, Idaho},
  month     = may # {~5--9,},
  year      = 2013,
  note      = {INL/CON-13-28093, \url{https://tinyurl.com/ybjyjvfw}}
}

% https://www.osti.gov/biblio/1088405-algorithms-thermal-mechanical-contact
@InProceedings{Hales_2013,
  author    = {J. D. Hales and D. Andr{\v{s}} and D. R. Gaston},
  title     = {Algorithms for thermal and mechanical contact in nuclear fuel performance analysis},
  booktitle = {{Proceedings of the International Conference on Mathematics and Computational Methods Applied to Nuclear Science \& Engineering (M\&C 2013)}},
  address   = {Sun Valley, Idaho},
  month     = may # {~5--9,},
  year      = 2013,
  note      = {INL/CON-13-28113, \url{https://tinyurl.com/y9ah7sj6}}
}

% https://www.osti.gov/biblio/1111002-massive-hybrid-parallelism-fully-implicit-multiphysics
@InProceedings{Gaston_2013,
  author    = {Derek R. Gaston and Cody J. Permann and David Andr{\v{s}} and John W. Peterson},
  title     = {Massive hybrid parallelism for fully implicit multiphysics},
  booktitle = {{Proceedings of the International Conference on Mathematics and Computational Methods Applied to Nuclear Science \& Engineering (M\&C 2013)}},
  address   = {Sun Valley, Idaho},
  month     = may # {~5--9,},
  year      = 2013,
  note      = {INL/CON-13-28872, \url{https://tinyurl.com/y7udaut9}}
}

% http://www.ipd.anl.gov/anlpubs/2013/05/76182.pdf
@TechReport{Hu_2013,
  author      = {R. Hu and J. W. Thomas and T. H. Fanning},
  title       = {Strategy for multi-scale single-phase flow coupling},
  institution = {Argonne National Laboratory},
  day         = 31,
  month       = mar,
  year        = 2013,
  number      = {ANL/NE-13/4},
  note        = {\url{https://tinyurl.com/hf5d3fj}}
}

@InProceedings{Satou_2013,
  author    = {A. Satou and V. Ryzhii and F. T. Vasko and V. V. Mitin and T. Otsuji},
  title     = {Numerical simulation of terahertz plasmons in gated graphene structures},
  booktitle = {{Terahertz, RF, Millimeter, and Submillimeter-Wave Technology and Applications VI, Vol.~8624}},
  address   = {San Francisco, California},
  editor    = {L. P. Sadwick and C. M. O'Sullivan},
  publisher = {International Society for Optics and Photonics (SPIE)},
  month     = feb # {~20,},
  year      = 2013,
  note      = {\url{https://doi.org/10.1117/12.2003611}}
}

% These guys actually cite the libmesh paper because they use the statistical refinement algorithm
% described there.
@Article{Bittl_2012,
  author  = {Melanie Bittl and Dmitri Kuzmin},
  title   = {An $hp$-adaptive flux-corrected transport algorithm for continuous finite elements},
  journal = {Computing},
  year    = 2013,
  month   = may,
  volume  = 95,
  number  = {1, Supplement},
  pages   = {27--48},
  note    = {\url{https://doi.org/10.1007/s00607-012-0223-y}}
}

@Article{Widmer_2013,
  author  = {Ren{\'{e}} P. Widmer and Stephen J. Ferguson},
  title   = {A comparison and verification of computational methods to determine the permeability of vertebral trabecular bone},
  journal = {Proceedings of the Institution of Mechanical Engineers, Part H: Journal of Engineering in Medicine},
  year    = 2013,
  volume  = 227,
  number  = 6,
  pages   = {617--628},
  note    = {\url{https://doi.org/10.1177/0954411912462814}}
}


% https://www.osti.gov/biblio/22212820-calibration-fuel-relocation-model-bison
% https://cfwebprod.sandia.gov/cfdocs/CompResearch/docs/mc13_swiler.pdf
@InProceedings{Swiler_2013,
  author    = {L. P. Swiler and R. L. Williamson and D. M. Perez},
  title     = {{Calibration of a fuel relocation model in BISON}},
  booktitle = {{Proceedings of the International Conference on Mathematics and Computational Methods Applied to Nuclear Science \& Engineering (M\&C 2013)}},
  address   = {Sun Valley, Idaho},
  month     = may # {~5--9,},
  year      = 2013,
  note      = {\url{https://tinyurl.com/y98hqjwg}}
}

@InProceedings{Kirk_2013,
  author    = {Benjamin S. Kirk and Todd A. Oliver},
  title     = {{Validation of SUPG finite element simulations of shockwave/turbulent boundary layer interactions in hypersonic flows}},
  booktitle = {{51st AIAA Aerospace Sciences Meeting}},
  address   = {Grapevine, Texas},
  month     = jan # {~7--10,},
  year      = 2013,
  note      = {\url{https://doi.org/10.2514/6.2013-306}}
}

@Article{Millett_2013,
  author  = {Paul C. Millett and Michael R. Tonks and K. Chockalingam and Yongfeng Zhang and S. B. Biner},
  title   = {{Three dimensional calculations of the effective Kapitza resistance of UO$_2$ grain boundaries containing intergranular bubbles}},
  journal = {Journal of Nuclear Materials},
  year    = 2013,
  volume  = 439,
  number  = {1--3},
  month   = aug,
  pages   = {117--122},
  note    = {\url{https://doi.org/10.1016/j.jnucmat.2013.02.039}}
}

@Article{Chockalingam_2013,
  author  = {K. Chockalingam and M. R. Tonks and J. D. Hales and D. R. Gaston and P. C. Millett and Liangzhe Zhang},
  title   = {{Crystal plasticity with Jacobian-Free Newton-Krylov}},
  journal = {Computational Mechanics},
  year    = 2013,
  volume  = 51,
  number  = 5,
  month   = may,
  pages   = {617--627},
  note    = {\url{https://doi.org/10.1007/s00466-012-0741-7}}
}

@Article{Guo_2013,
  author  = {Luanjing Guo and Hai Huang and Derek R. Gaston and Cody J. Permann and David Andr{\v{s}} and George D. Redden and Chuan Lu and Don T. Fox and Yoshiko Fujita},
  title   = {{A parallel, fully coupled, fully implicit solution to reactive transport in porous media using the preconditioned Jacobian-Free Newton-Krylov method}},
  journal = {Advances in Water Resources},
  year    = 2013,
  month   = mar,
  volume  = 53,
  pages   = {101--108},
  note    = {\url{https://doi.org/10.1016/j.advwatres.2012.10.010}}
}

% libMesh
% "For the construction of a CRB beam model, we utilized rbOOmit, a C++ implementation of CRB with libmesh"
@InProceedings{Lee_2013,
  author    = {Kyunghoon Lee and Karen E. Willcox},
  title     = {{Structural integrity assessment via structural response predictions using a certified reduced basis model}},
  booktitle = {{54th AIAA/ASME/ASCE/AHS/ASC Structures, Structural Dynamics, and Materials Conference}},
  address   = {Boston, Massachusetts},
  month     = apr # {~8--11,},
  year      = 2013,
  note      = {\url{https://doi.org/10.2514/6.2013-1625}}
}

@InProceedings{Bhatia_2013,
  author    = {Manav Bhatia and Philip Beran},
  title     = {$h$-adaptive stabilized finite-element solver for calculation of generalized aerodynamic forces},
  booktitle = {{54th AIAA/ASME/ASCE/AHS/ASC Structures, Structural Dynamics, and Materials Conference}},
  address   = {Boston, Massachusetts},
  month     = apr # {~8--11,},
  year      = 2013,
  note      = {\url{https://doi.org/10.2514/6.2013-1456}}
}

@Article{Oden_2013,
  author  = {J. Tinsley Oden and Ernesto E. Prudencio and A. Hawkins-Daarud},
  title   = {Selection and assessment of phenomenological models of tumor growth},
  journal = {Mathematical Models and Methods in Applied Sciences},
  year    = 2013,
  volume  = 23,
  number  = 7,
  month   = jun,
  pages   = {1309--1338},
  note    = {\url{https://doi.org/10.1142/S0218202513500103}}
}

@Article{Zhang_2013,
  author  = {Liangzhe Zhang and Michael R. Tonks and Derek Gaston and John W. Peterson and David Andr{\v{s}} and Paul C. Millett and Bulent S. Biner},
  title   = {{A quantitative comparison between $C^0$ and $C^1$ elements for solving the Cahn--Hilliard equation}},
  journal = {Journal of Computational Physics},
  month   = mar,
  year    = 2013,
  volume  = 236,
  pages   = {74--80},
  note    = {\url{https://doi.org/10.1016/j.jcp.2012.12.001}}
}

@Article{Fuentes_2013,
  author  = {D. Fuentes and A. Elliott and J. S. Weinberg and A. Shetty and J. D. Hazle and R. J. Stafford},
  title   = {{An inverse problem approach to recovery of \textit{in vivo} nanoparticle concentrations from thermal image monitoring of MR-guided laser induced thermal therapy}},
  journal = {Annals of Biomedical Engineering},
  year    = 2013,
  volume  = 41,
  number  = 1,
  month   = jan,
  pages   = {100--111},
  note    = {\url{https://doi.org/10.1007/s10439-012-0638-9}}
}

% Originally submitted 26 May 2011!
@Article{Huynh_2013,
  author  = {Dinh Bao Phuong Huynh and David J. Knezevic and Anthony T. Patera},
  title   = {{A static condensation reduced basis element method: Approximation and \emph{a posteriori} error estimation}},
  journal = {ESAIM: Mathematical Modelling and Numerical Analysis},
  month   = jan,
  year    = 2013,
  volume  = 47,
  number  = 1,
  pages   = {213--251},
  note    = {\url{https://doi.org/10.1051/m2an/2012022}}
}

% Vas told me libmesh was used in developing the code discussed in this paper...
@Article{Vavourakis_2013,
  author  = {Vasileios Vavourakis and Dimitrios Loukidis and Dimos C. Charmpis and Panos Papanastasiou},
  title   = {Assessment of remeshing and remapping strategies for large deformation elastoplastic finite element analysis},
  journal = {Computers \& Structures},
  year    = 2013,
  volume  = {114--115},
  month   = jan,
  pages   = {133--146},
  note    = {\url{https://doi.org/10.1016/j.compstruc.2012.09.010}}
}

@Article{Zhu_2013,
  author  = {Y. Zhu and X. Y. Luo and H. M. Wang and R. W. Ogden and C. Berry},
  title   = {Three-dimensional non-linear buckling of thick-walled elastic tubes under pressure},
  journal = {International Journal of Non-Linear Mechanics},
  year    = 2013,
  volume  = 48,
  month   = jan,
  note    = {\url{https://doi.org/10.1016/j.ijnonlinmec.2012.06.013}}
}

@Article{Vetter_2013,
  author  = {R. Vetter and F. K. Wittel and N. Stoop and H. J. Herrmann},
  title   = {Finite element simulation of dense wire packings},
  journal = {European Journal of Mechanics - A/Solids},
  year    = 2013,
  volume  = 37,
  month   = jan,
  pages   = {160--171},
  note    = {\url{https://doi.org/10.1016/j.euromechsol.2012.06.007}, ArXiv e-print: \url{http://arxiv.org/abs/1111.5128v2}}
}

@Comment LocalWords:  TechReport Novascone thermomechanics aug
@Comment LocalWords:  INL SMiRT Fike Navier Sandia
@Comment LocalWords:  Galerkin sep Pastore nov MIS
@Comment LocalWords:  Rong von Estorff Nagler dec
@Comment LocalWords:  Schanz Yung Feng Shetty Rossa
@Comment LocalWords:  Abele excitations Acta Tonks
@Comment LocalWords:  Acustica Yongfeng Zhang Biner
@Comment LocalWords:  Millett Xianming Bai UO Unal
@Comment LocalWords:  Materialia intragranular Los
@Comment LocalWords:  Alamos Nerikar Andersson meso
@Comment LocalWords:  Gaston Multiscale booktitle
@Comment LocalWords:  InProceedings WSSSPE Botti Hu
@Comment LocalWords:  Canneyt Kaminsky Claessens th
@Comment LocalWords:  Verdonck Remuzzi Antiga Soyka
@Comment LocalWords:  hemodialysis Vavourakis pez
@Comment LocalWords:  Loukidis Papanastasiou Widmer
@Comment LocalWords:  elastoplastic Persson TRISO
@Comment LocalWords:  Cristofolini rheology Corsini
@Comment LocalWords:  cancellous Biomedical Swiler
@Comment LocalWords:  multiphysics Periodica nther
@Comment LocalWords:  Polytechnica Lamecker Weiser
@Comment LocalWords:  LDDMM Gimenez PFEM HPCLatAm
@Comment LocalWords:  Garino Printista jul Krol jan
@Comment LocalWords:  InCollection Zydek Selvaraj
@Comment LocalWords:  CUDA Springer Rispoli ORNL
@Comment LocalWords:  Venturini Tahir Amberg Quang
@Comment LocalWords:  hypersonic AIAA Fahrenholtz
@Comment LocalWords:  Maier Generalised MRgLITT ake
@Comment LocalWords:  Hyperthermia Delchini Alfonsi
@Comment LocalWords:  Rabiti Mandelli multigroup
@Comment LocalWords:  discretized Zhao isothermal
@Comment LocalWords:  Gleicher DeCART HZhang Zou
@Comment LocalWords:  reactivity multi RELAP ANL
@Comment LocalWords:  Satou Ryzhii Otsuji plasmons
@Comment LocalWords:  graphene Submillimeter SPIE
@Comment LocalWords:  Photonics feb Bittl Kuzmin
@Comment LocalWords:  trabecular SUPG shockwave Guo
@Comment LocalWords:  Chockalingam Kapitza Jacobian
@Comment LocalWords:  intergranular Krylov Fujita
@Comment LocalWords:  Opstal Prudhomme adaptivity
@Comment LocalWords:  incompressible apr Willcox
@Comment LocalWords:  Bhatia Beran Oden Daarud Cahn
@Comment LocalWords:  Hilliard vivo nanoparticle
@Comment LocalWords:  Huynh posteriori ESAIM Zhu
@Comment LocalWords:  Modelling remeshing Vetter
@Comment LocalWords:  packings
